2078 2790
203 254 259 297 '28
704 264 734 295 1.
764 261 901 296 Buscn
930 259 1087 293 KEtsER
1116 256 1355 293 nsssrousm

202 336 331 373 horum
354 327 472 384 scire7
500 336 590 384 quia
614 330 739 371 divina
768 334 852 372 illos
876 335 1072 383 inspiratio
1106 328 1300 381 occcupat.
1344 329 1456 380 Hujus
1487 329 1568 367 libri
1594 328 1700 380 igitur
1727 329 1838 366 verba

202 408 278 433 non
301 393 496 445 describo3
518 394 566 433 de
592 395 689 433 Jone
714 407 803 433 vero
828 394 932 445 plura
956 403 1040 431 sunt
1072 388 1271 431 monenda.

980 495 1069 544 38.

718 598 913 638 Nonnulla
939 605 1120 648 επεν-ρέα
1138 609 1191 634 ex
1211 597 1321 635 Jone.

259 730 279 750 a
305 715 479 752 Socrates
499 713 724 766 rhapsodum
746 714 881 752 Jonem
904 713 1144 764 Ephesiacum
1166 723 1290 764 rogat,
1310 722 1429 750 utrum
1453 712 1658 751 Homerum
1677 719 1815 749 tantum
1830 737 1842 759 7

207 792 227 812 2
258 789 304 812 an
323 788 411 813 vero
437 776 544 812 etiam
573 776 659 812 alios
687 776 858 825 intelligat
879 785 1015 825 poetas.
1033 774 1120 812 Jon.
1148 776 1356 812 Homerum
1384 784 1524 811 tantum
1547 773 1731 823 intelligo,
1756 771 1841 808 alios

209 853 230 874 w
259 850 349 875 vero
367 846 489 888 poetas
510 847 586 874 tum
604 835 752 874 demum
765 864 777 887 7
796 850 908 888 quum
928 836 1032 873 simili
1043 864 1056 887 7
1072 849 1146 888 quo
1162 836 1349 874 Homerus
1364 864 1375 887 7
1397 845 1531 873 canunt
1549 833 1675 873 modo.
1694 834 1841 872 Socrat.

208 915 228 936 2
259 899 335 949 Qui
359 909 480 936 tamen
505 901 719 936 conveniens
750 898 935 949 intelligit,
960 898 1020 936 ille
1054 899 1161 935 etiam
1186 898 1356 949 intelligat
1390 898 1570 936 diversum
1595 909 1740 934 necesse
1764 904 1817 932 est
1832 921 1844 944 7

208 978 229 1000 ν
259 971 296 1000 et
315 961 453 999 bonum
470 961 589 998 nullus
610 959 773 1010 videbit,
797 961 863 998 nisi
888 961 946 998 ille
960 989 972 1011 7
988 961 1052 1012 qui
1071 960 1210 999 malum
1224 961 1331 998 etiam
1350 970 1468 1012 potest
1484 958 1705 1010 dijudicare:
1728 965 1841 1009 quum

207 1039 229 1062 ι»
258 1024 365 1075 igitur
387 1023 576 1061 Homerus
601 1022 726 1060 melius
757 1014 925 1060 cecinerit
939 1050 951 1073 7
980 1036 1089 1074 quam
1124 1023 1242 1060 caeteri
1256 1050 1268 1073 7
1293 1023 1322 1059 si
1346 1014 1549 1060 Homerum
1580 1013 1776 1072 intelligere
1805 1029 1841 1057 et

207 1101 227 1121 »
256 1085 436 1134 explicare
457 1085 593 1134 possis7
625 1084 737 1121 malos
762 1086 868 1122 etiam
891 1094 1016 1135 poetas
1039 1084 1238 1134 dijudicare
1264 1083 1385 1121 debes.
1411 1085 1499 1121 Jon.
1527 1093 1563 1122 et
1587 1094 1709 1128 tamen
1727 1081 1843 1120 solum

205 1161 225 1182 ι»
256 1145 425 1196 intelligo
448 1145 665 1183 Homerum.
695 1146 844 1183 Socrat.
869 1145 984 1182 Causa
1009 1146 1048 1181 in
1077 1156 1123 1180 eo
1144 1154 1220 1193 est,
1245 1144 1345 1194 quod
1367 1146 1573 1183 Homerum
1590 1158 1668 1182 non
1688 1145 1842 1182 scienter

204 1222 225 1243 ι»
256 1206 410 1257 explicas
426 1234 438 1256 7
464 1205 530 1244 sed
558 1204 660 1257 quod
682 1207 720 1243 vi
746 1204 869 1244 divina
898 1206 1054 1242 incitaris
1072 1232 1084 1255 7
1117 1205 1239 1243 similis
1273 1208 1479 1256 magnetis,
1515 1205 1576 1256 qui
1606 1205 1741 1243 ferrum
1768 1217 1846 1242 non

205 1283 226 1304 >s
255 1267 413 1317 attrahit,
436 1267 502 1304 sed
529 1265 733 1304 attrahendi
763 1280 863 1303 suam
893 1268 968 1304 vim
998 1279 1081 1303 cum
1114 1266 1189 1303 aliis
1218 1266 1326 1303 etiam
1358 1268 1621 1316 communicat3
1650 1267 1700 1303 sic
1732 1267 1846 1304 Musa

205 1345 225 1367 a>
254 1328 378 1367 incitat
397 1338 544 1381 poetam
570 1337 607 1367 et
629 1328 690 1365 hic
705 1341 825 1365 rursus
859 1327 1109 1379 Rhapsodum.
1130 1328 1234 1366 Deus
1262 1340 1350 1366 vero
1373 1328 1484 1366 utitur
1507 1328 1657 1366 incitatis
1688 1329 1849 1381 (poetis,

205 1408 225 1428 >v
256 1391 417 1441 vatibus7
430 1390 606 1440 fatidicis)
625 1399 663 1427 ut
676 1403 743 1441 per
757 1403 819 1428 eos
841 1390 1007 1428 homines
1028 1389 1228 1440 alloquatur
1244 1399 1454 1440 :propterea
1472 1392 1512 1427 iis
1534 1389 1648 1429 demit
1662 1391 1846 1429 scientiam

205 1470 226 1491 a
257 1463 293 1492 et
315 1452 556 1503 cognitionem
569 1479 581 1501 7
605 1461 645 1489 ut
662 1453 750 1489 sciat
770 1450 932 1500 auditor,
953 1464 1031 1488 non
1049 1459 1201 1501 poetam
1215 1464 1290 1488 esse
1302 1479 1313 1501 7
1328 1453 1389 1502 qui
1407 1452 1509 1489 effata
1529 1451 1739 1504 pronuntiet
1751 1481 1764 1503 7
1781 1451 1847 1491 sed

206 1531 227 1552 x>
257 1516 400 1563 Deum,
423 1514 484 1563 qui
497 1527 561 1564 per
584 1526 668 1551 eum
687 1513 856 1563 loquitur.
878 1513 1000 1550 Poetae
1017 1513 1123 1563 igitur
1146 1525 1244 1562 non,
1264 1512 1332 1551 nisi
1349 1513 1561 1565 interpretes
1577 1524 1660 1553 sunt
1678 1516 1845 1553 Deorum

207 1594 227 1614 s
258 1586 294 1613 et
323 1573 585 1612 indoctissimus
613 1584 750 1624 poeta,
780 1588 892 1624 quum
917 1588 937 1610 a
962 1575 1047 1611 Deo
1081 1575 1294 1624 inspiratur,
1314 1575 1491 1625 optimum
1518 1589 1648 1627 poema
1685 1577 1845 1615 condere

208 1654 227 1674 s
256 1645 389 1688 potest.
419 1633 608 1684 Rhapsodi
639 1644 758 1673 autem
791 1634 1007 1685 interpretes
1037 1645 1119 1672 sunt
1149 1636 1386 1686 interpretum
1408 1650 1420 1686 3
1453 1637 1494 1673 hi
1530 1639 1637 1675 etiam
1666 1638 1846 1689 inspirati,

207 1715 226 1736 »
257 1709 370 1748 quum
394 1694 544 1745 aliquod
570 1707 715 1732 carmen
737 1696 888 1733 recitant
910 1703 946 1732 et
964 1707 1048 1732 cum
1069 1693 1289 1732 auditoribus
1308 1708 1412 1733 suum
1433 1696 1722 1736 Euthusiasmum
1748 1711 1846 1744 com·

208 1776 228 1797 2
258 1760 452 1797 municant.
479 1775 499 1796 x>

260 1824 370 1860 Jonis
395 1821 622 1872 propositum
647 1820 685 1856 in
711 1831 754 1856 eo
787 1819 897 1856 latere
926 1817 1097 1868 videtur,
1127 1828 1166 1856 ut
1191 1818 1398 1857 ostendatur
1430 1820 1625 1863 discrimen
1659 1824 1753 1863 inter
1782 1824 1845 1863 di-

209 1886 331 1924 vinam
360 1883 633 1934 inspirationem
668 1881 808 1932 (quam
844 1880 1046 1931 Rhapsodis
1078 1889 1247 1931 tanquam
1278 1882 1451 1932 proximis
1485 1885 1600 1935 poetis
1627 1885 1749 1924 etiam*
1772 1888 1846 1924 tri.-

209 1946 345 1984 buebat
363 1946 449 1994 (ι))
478 1953 514 1981 et
542 1952 655 1980 artem
670 1969 682 1992 7
702 1943 818 1979 multo
844 1942 966 1980 labore
990 1943 1206 1993 acquisitam.

260 2004 542 2057 Rhapsodorum
581 2016 711 2042 munus
746 2004 826 2042 leve
854 2003 943 2054 quid
973 2018 1049 2042 esse
1066 2032 1078 2054 7
1117 2018 1248 2056 eosque
1278 2007 1375 2044 nulla
1409 2006 1571 2058 indigere
1609 2008 1812 2049 eruditione
1833 2038 1845 2061 7

214 2069 335 2107 Plato
351 2063 544 2105 ostendere
567 2066 691 2104 voluit.
712 2066 833 2103 Ironia
853 2066 959 2116 igitur
979 2076 1016 2104 et
1040 2064 1169 2104 derisio
1185 2077 1322 2119 spectat
1333 2068 1571 2120 Rhapsodos7
1586 2069 1652 2108 sed
1672 2070 1719 2110 de
1733 2075 1847 2123 poetis

212 2144 290 2169 non
309 2130 411 2167 aliter
435 2128 619 2178 loquitur,
646 2141 754 2178 quam
777 2126 850 2166 de'
841 2128 881 2164 iis
899 2128 937 2165 in
964 2128 1133 2166 Phaedro
1158 2131 1413 2169 enuntiaverat.
1440 2131 1655 2170 Assumere
1645 2134 1749 2183 igitur
1767 2147 1844 2174 non

214 2204 423 2243 possumus,
436 2189 638 2229 Platonem
653 2188 713 2226 hic
725 2199 853 2240 poetas
869 2189 1011 2229 honore
1026 2201 1092 2228 suo
1110 2178 1261 2231 voluisse
1273 2190 1466 2232 destituere
1477 2220 1489 2244 7
1502 2194 1554 2232 uti
1568 2194 1821 2246 Sydenlzamus
1833 2226 1846 2248 7

258 2299 305 2342 (ι)
325 2300 371 2331 Cf:
389 2300 488 2342 Heyn.
508 2300 642 2332 Excum.
660 2299 707 2330 ad
725 2300 818 2331 Iliad.
837 2298 951 2334 XXIV.
973 2306 1048 2332 tom.
1069 2300 1149 2333 VIII.
1166 2311 1197 2342 p.
1218 2313 1276 2345 797
1296 2313 1357 2344 seq.
