2078 2790
243 312 298 354 32
740 314 783 350 1.-
800 318 938 351 nosen
971 316 1127 348 xersen
1155 314 1390 347 RESPONSIO

296 393 419 440 Neque
448 390 565 428 modo
593 391 764 428 orationis
789 390 908 426 tenori
932 388 1122 425 adversum
1141 414 1152 437 ,
1174 386 1240 424 sed
1268 388 1374 424 etiam
1403 387 1470 423 sibi
1491 386 1558 436 ipsi
1582 387 1798 424 contrarium
1818 399 1884 437 est,

246 465 357 504 quum
383 452 561 491 Socrates
587 453 740 505 imputat
763 449 983 503 Rhapsodo,
1018 450 1137 501 ipsum
1161 457 1274 486 artem
1300 462 1399 486 suam
1433 460 1511 486 non
1543 448 1635 487 velle
1669 446 1884 498 ostendere,

242 525 348 552 antea
379 516 478 552 enim
512 524 763 564 recusaverat,
803 527 915 565 quum
953 511 1166 563 Rhapsodus
1202 521 1344 562 paratus
1375 521 1450 549 erat
1490 509 1537 547 ad
1572 511 1644 548 hoc
1680 505 1884 552 faciendum

244 576 347 627 (536
378 576 450 627 E.)
486 577 567 614 Imo
605 577 682 628 ipse
718 576 894 614 Socrates
921 573 1106 626 Rhapsodi
1149 582 1266 626 partes
1303 574 1411 611 sumit
1441 582 1477 611 et
1509 572 1619 610 multa
1647 584 1693 610 ex
1720 572 1886 610 Homero

245 626 425 677 declamat
447 640 522 690 539
548 639 605 689 A,
632 638 734 690 quod
752 653 797 677 eo
826 637 1011 676 adsurdius
1037 647 1111 687 est,
1132 635 1233 688 quod
1259 646 1362 675 antea
1389 635 1462 686 537
1486 636 1521 672 A
1547 650 1568 672 a
1595 634 1793 685 Rhapsodo
1812 648 1887 685 pe—

245 702 351 741 tierat
368 732 380 752 ,
407 711 448 740 ut
476 702 543 740 sibi
571 714 694 740 versus
717 702 756 738 in
783 701 993 739 memoriam
1016 708 1215 738 revocaret.

294 764 566 812 Antiplatonica
595 772 768 813 praeterea
797 763 929 813 positio
953 771 1028 810 est,
1053 760 1311 811 Rhapsodum,
1348 771 1465 811 poetae
1501 761 1729 811 propositum
1751 773 1889 797 conse—

246 833 369 862 cutum
391 837 466 862 esse
491 822 647 873 debere,
668 838 788 874 neque
814 824 921 874 magis
946 836 1027 860 cum
1053 823 1205 865 auctoris
1232 823 1378 873 ingenio
1405 822 1570 873 congruit
1599 830 1635 858 et
1657 822 1889 858 commutatio

247 885 489 936 intelligentiae
518 898 602 923 cum
629 885 817 936 allegorica
849 885 1088 936 applicatione
1113 883 1198 921 530.
1227 883 1260 922 C
1289 884 1340 920 D.

298 948 467 998 Inprimis
498 957 619 985 tamen
647 948 738 984 mira
774 956 826 985 est
855 947 1035 998 oppositio
1063 952 1140 982 siim
1170 955 1205 984 et
1231 950 1352 989 ἔδιιω,
1378 956 1413 983 et
1434 951 1512 981 Ξνιῒω
1536 955 1572 983 et
1593 949 1722 988 uxum-6
1742 945 1781 982 in
1807 946 1890 983 fine.

249 1009 360 1046 Anne
385 1009 504 1046 Plato
538 1010 692 1045 ironiam
721 1021 768 1046 eo
796 1008 942 1059 quidem
970 1007 1219 1059 perduxisset,
1253 1018 1292 1045 ut
1320 1010 1481 1046 divinum
1518 1007 1653 1045 directe
1689 1016 1891 1058 opponeret

249 1070 450 1119 scientifico
475 1080 512 1108 et
542 1070 690 1120 artifico
710 1080 746 1108 et
772 1070 951 1108 Divinum
979 1070 1205 1121 significasset
1232 1072 1386 1108 inscium
1413 1079 1449 1107 et
1474 1071 1679 1107 insanum?

299 1131 361 1168 De
389 1132 473 1168 loco
499 1132 674 1169 Menom's
695 1144 845 1169 monere
869 1132 922 1169 nil
945 1133 1092 1182 attinet,
1122 1144 1235 1182 quum
1260 1131 1305 1168 ab
1332 1144 1403 1168 una
1425 1140 1526 1182 parte
1548 1143 1675 1169 sensus
1699 1144 1780 1168 cum
1806 1130 1893 1167 locis

248 1194 359 1230 Jonis
387 1202 422 1230 et
445 1193 648 1243 Apologia?
682 1194 898 1241 conveniat,
930 1202 1037 1242 atque
1057 1193 1104 1228 ab
1129 1193 1237 1228 altera
1264 1202 1386 1242 parte,
1415 1202 1488 1229 tam
1511 1194 1612 1243 parvi
1635 1194 1679 1230 sit
1696 1193 1893 1243 momenti,

249 1264 291 1292 ut
309 1253 481 1305 peculiari
504 1253 746 1305 disputatione
767 1265 845 1290 non
863 1251 1032 1303 indigeat.

1023 1399 1051 1449 3
1080 1410 1133 1436 ιο.

519 1540 587 1574 Ex
608 1538 800 1587 Apologia
814 1565 825 1587 ,
852 1539 1012 1575 Menone
1040 1549 1078 1576 et
1098 1541 1196 1577 Jone
1219 1541 1385 1577 locorum
1408 1542 1625 1591 explicatio.

311 1675 405 1725 Quae
431 1686 500 1725 pro
530 1684 653 1723 negata
675 1673 810 1711 horum
835 1673 1010 1711 librorum
1045 1673 1227 1712 authentia
1259 1674 1362 1711 allata
1393 1683 1476 1712 sunt
1490 1703 1502 1725 ,
1528 1684 1735 1726 argumenta
1762 1677 1870 1715 multa
1885 1705 1897 1727 ,

257 1750 345 1774 vera
373 1746 409 1774 et
432 1737 531 1772 hona
561 1735 745 1771 continere
782 1735 874 1772 mihi
898 1733 1080 1772 videntur.
1112 1736 1185 1772 Sed
1214 1749 1326 1784 quum
1356 1749 1434 1773 non
1458 1736 1621 1785 juvenis,
1652 1737 1789 1775 critices
1820 1751 1897 1775 non

262 1799 343 1836 satis
368 1797 507 1849 experti
532 1796 576 1833 sit
598 1803 712 1832 tantas
733 1807 952 1847 componere
974 1795 1052 1832 lites
1066 1823 1077 1845 ,
1102 1807 1222 1846 neque
1241 1795 1389 1833 forsitan
1409 1809 1488 1834 rnea
1512 1796 1688 1834 sententia
1713 1810 1795 1835 cum
1815 1800 1900 1850 opi-

261 1861 375 1896 nione
400 1859 675 1895 clarissimorum
697 1855 857 1906 judicum
878 1857 1104 1906 conveniret,
1129 1856 1209 1893 haec
1236 1858 1338 1894 missa
1362 1857 1487 1894 faciam
1514 1868 1549 1895 et
1575 1859 1680 1909 igitur
1699 1859 1767 1897 hos
1789 1861 1898 1902 libros

263 1929 434 1971 tanquam
455 1919 631 1970 genuinos
646 1917 895 1955 considerabo.

315 1981 577 2019 Difficillimum
601 1979 768 2031 profecto
791 1980 966 2031 explicatu
985 1989 1037 2018 est
1050 2007 1062 2030 ,
1080 1978 1168 2030 quid
1193 1993 1237 2018 eo
1255 1980 1409 2019 voluerit
1429 1982 1570 2033 Plato,
1587 1991 1628 2020 ut
1650 1992 1774 2034 poetas
1799 1985 1902 2022 omni

266 2043 413 2080 scientia
443 2041 629 2078 destitutos
662 2054 736 2078 esse
763 2042 925 2092 nihilque
951 2043 1071 2079 valere
1106 2042 1181 2079 sine
1208 2042 1329 2080 divina
1359 2044 1617 2094 inspiratione,
1644 2043 1902 2095 declaraverit,

266 2107 338 2144 hac
353 2117 444 2143 vero
462 2103 674 2154 adjuvante,
700 2104 992 2155 inperitissimum
1021 2105 1128 2143 etiam
1149 2098 1281 2156 optima
1304 2119 1407 2158 posse
1428 2104 1587 2144 condere
1604 2116 1771 2158 poemata
1787 2134 1799 2157 ,
1822 2116 1902 2144 sta-

267 2169 385 2206 tuerit.
416 2167 502 2204 Non
526 2166 687 2203 sufficere
715 2167 899 2205 scientiam
934 2178 970 2205 et
996 2167 1226 2218 doctrinam,
1252 2178 1293 2205 ut
1329 2169 1448 2207 honus
1483 2156 1607 2220 aliquis
1641 2167 1770 2207 evadat
1795 2181 1902 2220 poeta

271 2240 370 2267 certo
398 2229 527 2267 certius
548 2237 600 2265 est
614 2255 626 2277 ,
647 2238 683 2264 et
706 2238 801 2265 recte
824 2229 894 2265 hac
919 2228 965 2267 de
988 2244 1028 2268 re
1052 2230 1203 2267 Massieu
1225 2231 1248 2267 l.
1272 2244 1301 2267 c.
1323 2245 1360 2282 p.
1393 2230 1472 2268 166.

326 2308 345 2328 ς
368 2292 422 2330 La
446 2301 573 2333 nature
604 2288 652 2328 de
675 2289 707 2327 la
735 2291 855 2342 poe'sie
879 2293 1031 2331 consiste
1064 2292 1362 2344 principalement
1387 2291 1477 2330 dans
1510 2301 1567 2330 cet
1591 2291 1854 2331 enthousiasme
1878 2294 1905 2330 si

271 2371 291 2394 r
321 2354 449 2402 vante,
479 2354 540 2402 qui
565 2353 659 2389 saisit
686 2352 720 2390 le
748 2354 855 2402 poete
882 2363 917 2391 et
943 2356 1004 2404 qui
1028 2353 1189 2392 l'enleve.
1217 2354 1349 2391 Pousse
1376 2367 1442 2404 par
1471 2362 1564 2392 cette
1596 2354 1809 2405 impression
1836 2354 1903 2391 di·-
