2078 2790
478 111 537 144 AD
568 108 734 151 QUAEST.
767 108 933 142 PHILOS.
968 107 1132 141 THEOR.
1166 107 1223 139 ΕΤ
1254 106 1397 138 LlTEn.
1430 105 1600 138 HUMAN.
1830 106 1858 148 9

225 182 296 220 suis
316 180 476 231 undique
498 193 577 219 eam
602 179 808 219 suavitatem
842 193 970 231 easque
995 192 1144 218 veneres
1181 176 1314 216 addere
1351 176 1506 226 studuit,
1542 188 1621 226 quae
1644 172 1859 224 jucunditati

227 252 331 293 atque
354 241 529 279 illecebris
545 242 711 293 ,quibus
732 250 847 293 poetae
869 240 1068 279 auditorum
1096 241 1234 278 animos
1268 238 1405 276 tamdiu
1434 245 1644 285 tenuerant,
1668 250 1771 287 pares
1801 248 1856 273 es-

226 311 324 352 sent,
352 303 463 339 immo
487 304 575 354 illis,
612 302 733 354 quoad
763 304 839 339 fieri
869 311 1009 354 posset,
1032 302 1253 353 superiores,
1284 310 1319 337 et
1339 301 1393 350 si,
1418 300 1477 337 vel
1496 300 1591 335 hauc
1619 298 1667 349 ob
1689 308 1852 344 causam,

226 373 266 401 ut
289 364 379 401 mihi
403 364 550 414 quidem
576 363 741 413 videtur,
760 374 947 414 tantopere
974 364 1168 401 elaboravit
1187 364 1226 398 in
1250 363 1412 398 oratione
1437 375 1497 397 sua
1521 358 1698 410 pectenda
1723 368 1758 393 et
1775 358 1855 406 pul-

225 425 319 479 chris
341 425 646 475 similitudinibus,
663 426 873 476 imaginibus
887 453 897 476 ,
912 426 1131 475 metaphoris
1143 452 1154 474 ,
1177 424 1349 474 allegoriis
1372 423 1516 473 aliisque
1534 419 1694 471 ejusdem
1712 419 1851 469 generis

226 488 444 524 ornamentis
467 485 716 537 distinguenda
737 487 816 536 (1),
833 486 979 524 videant
999 487 1086 522 illius
1108 494 1327 522 accusatores
1347 497 1394 520 ne
1412 496 1489 520 non
1508 484 1588 519 satis
1610 481 1854 532 reputaverint

226 548 436 597 singularem
461 549 579 598 illam,
606 562 676 598 qua
702 548 819 585 Plato
845 548 1031 597 utebatur,
1056 546 1328 596 conditionem,
1362 558 1540 595 quamque
1557 552 1666 580 ‘recte
1688 541 1854 578 habuerit

225 609 333 645 aetatis
357 622 428 645 suae
450 610 637 646 rationem.
665 609 727 645 Uti
746 609 818 658 jam
849 618 952 646 antea
976 610 1123 657 monui,
1149 606 1318 644 floridum
1338 606 1427 643 illud
1453 605 1599 642 dicendi
1618 617 1729 654 genus
1748 602 1851 638 orie-

226 668 331 705 batur
361 671 522 719 inprimis
544 684 564 706 e
594 670 765 719 peculiari
787 670 962 707 Platonis
986 671 1154 719 ingenio,
1179 683 1199 704 a
1229 668 1486 717 Xenophontei
1512 666 1687 702 sermonis
1721 662 1853 711 simpli-

226 730 329 768 citate
353 731 521 767 nonnihil
557 731 698 781 alieno,
725 740 760 767 et
787 720 910 768 nativo
938 732 1115 781 maxime,
1145 743 1217 781 quo
1244 730 1358 780 abripi
1383 744 1419 766 se
1444 739 1708 776 nonnunquam
1731 737 1851 774 passus

225 802 299 840 est,
327 793 520 841 phantasiae
555 792 696 829 ardore.
725 795 852 843 Iniqua
878 807 1029 829 censura.
1052 794 1209 842 denique
1242 791 1341 828 haud
1369 793 1476 841 plane
1501 791 1632 838 negligi
1658 788 1785 834 debet,
1813 787 1851 821 in

225 853 398 890 librorum
437 855 772 904 philosophicorum
805 856 1045 905 argumentis,
1084 868 1163 905 quae
1192 856 1322 905 partim
1353 866 1449 890 nova
1481 863 1516 890 et
1546 852 1703 888 abstrusa
1731 857 1854 896 erant,

226 913 437 966 tractandis,
465 926 743 954 consentaneum
773 916 877 954 fuisse
910 930 954 955 eo
988 918 1156 954 orationis
1183 925 1469 967 temperamento
1502 915 1575 962 uti,
1604 925 1677 963 quo
1702 911 1852 947 lectores

226 976 461 1015 invitarentur
486 988 592 1029 atque
614 978 862 1027 allicerentur,
883 989 943 1027 et,
967 992 1040 1028 quo
1061 980 1176 1016 caveri
1196 988 1338 1028 posset,
1358 991 1406 1014 ne
1427 975 1631 1028 solidiorem
1650 972 1850 1010 doctrinam

224 1040 370 1077 ‹pan-'nm
397 1037 618 1087 fastidirent,
643 1044 719 1073 tum
745 1050 818 1087 prae
849 1039 1013 1088 sophistis
1044 1037 1256 1088 audiendis,
1283 1039 1344 1088 qui
1372 1050 1471 1074 suam
1501 1036 1703 1073 doctrinam
1734 1032 1851 1069 verbis

225 1097 329 1138 melle
356 1096 573 1133 dulcioribus
610 1098 858 1147 involverent,
894 1100 1143 1148 exquisitisque
1177 1100 1346 1135 orationis
1383 1098 1570 1135 lenociniis
1600 1105 1637 1133 et
1659 1094 1853 1131 luminibus

227 1165 462 1207 exornarent,
481 1166 558 1194 tum
577 1170 652 1208 prae
668 1158 783 1209 poetis
803 1159 1064 1210 auscultandis,
1084 1160 1146 1209 qui
1169 1159 1335 1196 omnibus
1354 1158 1532 1207 dictionis,
1550 1157 1666 1206 metri,
1687 1152 1851 1203 rhythmi

225 1217 399 1256 illecebris
419 1218 597 1271 auditores
622 1219 823 1258 suavissime
847 1218 1073 1270 demulcere,
1097 1220 1268 1270 omnique
1290 1219 1484 1271 phantasiae
1509 1217 1635 1256 ardore
1655 1211 1851 1253 incendere

225 1278 405 1332 solerent,
436 1278 536 1329 quod
561 1279 708 1331 quidem
736 1280 831 1318 hanc
863 1281 1039 1319 Platonis
1073 1293 1155 1318 cum
1180 1282 1294 1331 poetis
1321 1290 1357 1318 et
1384 1293 1465 1317 cum
1493 1280 1659 1327 Homero
1691 1274 1852 1325 inprimis

226 1339 486 1378 aemulationem
497 1341 632 1379 attinet.
648 1342 729 1378 Jam
745 1342 940 1392 Longinus
955 1355 1032 1381 non
1048 1342 1140 1379 male
1153 1340 1281 1380 dixisse
1298 1340 1460 1379 videtur:
1479 1344 1526 1376 u>
1540 1341 1598 1376 ενδ·
1610 1342 1641 1374 ἅ,
1662 1340 1852 1379 ἐγιιημίξιι

224 1401 271 1439 μὲι
293 1400 374 1432 δοκεῖ
387 1406 555 1440 τηλικαῦτα-4
568 1416 629 1433 τινα
651 1404 708 1435 τοῖς
727 1406 777 1439 rui}
799 1403 964 1442 φιλιπφιίις
982 1403 1110 1442 b‘o'ypam
1132 1403 1179 1437 nni
1200 1406 1237 1440 εἰς
1258 1403 1406 1438 romanis
1428 1402 1498 1434 ὅλαις
1519 1401 1667 1437 romanco
1686 1400 1852 1436 Νῐίμβῧᾱῑ

224 1453 271 1484 ’6)
289 1454 401 1503 Φθίαν-«ις
414 1480 422 1494 ,
444 1459 466 1487 u'
486 1456 526 1494 poi
547 1456 608 1496 erupi
629 1456 755 1496 προπίω
778 1456 806 1491 ni
828 1458 882 1488 Δῖιι
899 1456 982 1488 ratri
999 1460 1091 1501 ἶθυμῷ
1107 1457 1171 1497 πρός
1187 1456 1307 1498 ’Ὅμηρον
1321 1481 1328 1494 ,
1354 1456 1389 1491 οἷς
1410 1453 1618 1491 ultramrano-vvis
1636 1451 1686 1484 νιός
1708 1450 1770 1491 τρέε
1798 1449 1852 1485 ἕδη

225 1507 454 1548 τεθινμᾶτμυον
485 1509 549 1542 ἴτυς
581 1507 629 1548 με’,
660 1509 886 1550 emortui-rupen,
908 1512 954 1540 aia
978 1510 1050 1541 οἶονέι
1074 1510 1125 1541 δια
1147 1510 1373 1552 dapar-«Cipius,
1394 1510 1440 1540 ονίι
1462 1509 1606 1545 drumm-i}
1630 1505 1657 1536 δ”
1677 1507 1765 1544 ἱμάς,
1788 1503 1852 1537 δυ]-

223 1564 509 1604 μπεῦιτο---
523 1567 626 1603 ἐψιθῆ
646 1565 721 1607 (qap
740 1565 817 1597 zarai
837 1566 880 1597 n*-
900 1566 1042 1608 Ἠνιοδὶή
1062 1566 1117 1608 ἴμς
1138 1566 1188 1603 ἴδε
1207 1568 1329 1608 βροτοῖο-ι
1359 1563 1426 1611 (2).

273 1620 466 1671 Denique,
498 1622 550 1658 uti
581 1622 618 1673 3.
644 1623 672 1658 Ι.
702 1623 907 1660 monuimus
928 1651 939 1673 ,
971 1623 1107 1672 Plato,
1140 1636 1252 1674 quum
1288 1622 1334 1660 ad
1373 1621 1660 1674 philosophiam,
1698 1620 1854 1657 Socrate

227 1683 343 1732 duce,
371 1696 406 1720 se
432 1683 635 1733 conferret,
658 1685 840 1734 poetices,
865 1686 921 1721 cui
946 1684 1150 1722 adolescens
1172 1685 1327 1734 litasset,
1351 1698 1447 1721 sacra
1474 1683 1651 1732 deseruit,
1673 1682 1747 1719 sive
1771 1683 1853 1732 quia

227 1744 273 1782 ad
299 1746 424 1796 poesin
450 1745 611 1781 ommino
643 1758 720 1782 non
750 1746 829 1782 satis
861 1756 985 1797 aptum
1017 1760 1051 1782 se
1080 1756 1267 1797 censeret,
1307 1758 1523 1797 magnosque
1553 1744 1633 1781 illos
1665 1754 1854 1794 poetarum

229 1809 355 1846 heroes
381 1820 417 1844 se
443 1816 663 1857 aequaturum
687 1807 921 1860 desperaret,
940 1810 1012 1847 sive
1037 1808 1118 1858 quia
1143 1807 1318 1847 doctrinae
1342 1808 1527 1846 nobilioris
1551 1805 1671 1844 studio
1694 1807 1853 1843 animum

229 1870 335 1920 plane
360 1878 573 1918 occupatum
593 1870 749 1906 sentiret.
771 1872 814 1906 In
836 1871 1031 1908 amantibus
1054 1879 1172 1907 autem
1197 1882 1272 1906 non
1294 1883 1376 1907 raro
1399 1883 1462 1906 usu
1488 1870 1610 1918 venit,
1631 1878 1671 1904 ut
1695 1869 1733 1904 in
1755 1869 1853 1916 cujus

271 1988 317 2031 (1)
335 1989 393 2027 Qui
411 1989 545 2020 Platonis
561 1988 683 2020 dicendi
697 1999 791 2029 genus
810 1989 920 2030 passim
936 1986 1131 2030 magnificum
1142 2013 1151 2028 ,
1170 1989 1357 2020 concitatum
1366 1988 1554 2031 {figuratum
1566 2013 1573 2026 ,
1597 1987 1698 2018 multis
1710 1986 1854 2016 orationis

230 2041 398 2073 luminibus
410 2043 603 2081 distinctum,
615 2043 717 2084 paullo
730 2042 865 2073 acerbius
887 2042 1164 2085 reprehenderunt,
1183 2054 1281 2073 unum
1301 2044 1338 2075 de
1351 2044 1398 2074 his
1412 2044 1581 2074 nominasse
1599 2041 1707 2072 sufficit
1727 2040 1853 2081 Dionys.

232 2094 430 2127 Halieamass.
444 2097 478 2127 in
494 2096 587 2138 Epist.
610 2097 649 2127 ad
669 2097 842 2138 Pompeum.

274 2146 319 2189 (2)
340 2150 501 2190 Longinus
522 2148 582 2191 περὶ
598 2149 668 2189 ’Υψ.
689 2155 758 2182 sect.
776 2148 849 2181 XIII
859 2175 868 2191 ‚
886 2162 915 2193 p.
939 2151 977 2193 57
997 2150 1041 2182 ed.
1059 2150 1153 2192 Toup.

424 2202 469 2239 V.
649 2242 651 2245 y
1635 2215 1655 2237 2
