2078 2781
470 156 529 189 AD
559 155 726 197 QuAEs‘r.
759 155 927 188 PfflLos.
960 154 1123 188 THEOR.
1154 154 1212 189 ΕΤ
1241 156 1383 190 LITER.
1416 158 1587 191 HUMAN.
1796 148 1844 203 57

215 225 389 265 Platonis
406 227 523 264 verbis
543 227 664 264 alienis
688 224 842 264 reddere
863 228 974 277 possis
996 228 1065 276 (1).
1087 228 1216 266 Versio
1234 228 1331 266 enim
1354 228 1562 266 difficillima
1584 239 1658 279 est,
1677 229 1729 266 uti
1750 237 1848 266 recte

217 285 710 340 monuitFavorinusssapud
732 287 779 323 A.
799 287 957 325 Gellium
979 289 1046 339 (2).
1071 302 1090 323 «
1107 289 1145 326 Si
1168 302 1213 326 ex
1230 289 1406 328 Platonis
1427 291 1591 328 oratione
1613 290 1764 328 verbum
1786 289 1850 326 ali-

215 365 235 386 »
265 348 365 399 quod
390 348 534 400 demaS,
561 359 742 398 mutesve,
774 359 878 399 atque
909 349 949 387 id
978 350 1265 388 commodissime
1297 352 1421 402 facias,
1454 351 1502 389 de
1524 353 1696 401 elegantia
1725 362 1847 388 tamen

218 425 236 447 ›>
267 408 473 448 detraxeris.
503 425 523 448 ο)
558 408 723 448 Tandem
754 411 931 462 posterior
964 412 1053 450 ratio
1087 412 1257 463 invaluit,
1283 413 1330 451 ita
1358 422 1398 450 ut
1430 412 1635 464 praecipua,
1666 424 1745 463 quae
1772 411 1847 449 huc

154 489 158 491 “
216 473 419 520 pertinent,
439 473 615 510 Platonis
636 473 715 509 loca
738 472 958 522 describam,
976 474 1156 512 interdum
1178 484 1300 512 tamen
1319 476 1357 511 in
1373 476 1467 512 notis
1487 487 1642 523 groecum
1662 475 1845 522 subjiciam

216 538 364 569 textum.
386 531 459 571 Sed
480 532 552 584 jam
576 545 654 571 rem
682 531 938 584 aggrediamur.

986 680 1068 731 §1-

215 810 274 847 De
292 811 336 847 iis
357 810 469 860 locis,
490 812 556 861 qui
572 812 610 847 in
633 809 818 861 republica
843 812 1093 862 inveniuntur,
1114 814 1324 862 spectantia
1349 813 1536 862 principia
1554 813 1651 849 artis
1674 811 1843 860 poeticoe.

206 970 210 974 ·
265 951 381 989 Plato
398 959 532 1002 poetas
560 952 785 989 exterminat
807 963 827 988 e
838 951 1035 1002 perfecta,
1058 964 1169 1003 quam
1188 951 1413 1003 sibifinxit,
1430 949 1639 1003 republica:
1664 950 1714 988 sic
1738 950 1846 1001 vulgo

216 1015 337 1062 ajunt,
374 1015 436 1061 qui
463 1015 571 1061 ipsius
610 1026 720 1062 opera
756 1026 804 1049 ne
834 1014 1066 1061 inspexerunt
1097 1015 1255 1062 quidem.
1286 1015 1337 1049 At
1368 1027 1444 1050 non
1481 1026 1607 1049 omnes
1632 1014 1844 1049 exterminat

214 1082 348 1126 poetas.
392 1072 516 1113 Voluit
554 1071 727 1110 duntaxat
770 1072 909 1110 Poesin
946 1071 1178 1124 legislationi
1214 1072 1352 1111 morali
1391 1071 1591 1125 subjectam
1624 1084 1712 1110 esse.
1751 1071 1844 1109 Hinc

213 1140 351 1186 epicam
380 1147 416 1173 et
444 1136 673 1172 dramaticam
704 1146 761 1182 et,
786 1134 922 1171 disertis
942 1135 1088 1182 quidem
1114 1137 1256 1184 verbis,
1284 1138 1455 1184 tragicam
1485 1146 1521 1172 et
1546 1137 1719 1171 comicam
1742 1150 1762 1171 e
1778 1150 1842 1171 sua

216 1197 355 1236 civitate
391 1194 618 1234 exterminari
641 1193 740 1246 jussit
761 1192 829 1246 (3).
853 1193 999 1231 Etenim
1035 1194 1216 1247 utriusque
1238 1194 1346 1247 hujus
1366 1195 1504 1248 generis
1530 1203 1698 1247 poetam,
1724 1195 1781 1233 cui
1805 1195 1843 1233 in

216 1263 272 1296 his
300 1272 451 1308 poeseos
479 1259 668 1306 generibus
697 1256 890 1293 tractandis
918 1267 991 1292 tam
1016 1259 1228 1306 multiplices
1259 1259 1384 1294 formae
1407 1258 1632 1306 indicandae,
1654 1269 1725 1294 tam
1755 1261 1846 1294 varii

218 1332 336 1361 mores
359 1315 638 1372 repraesentandi
660 1325 743 1356 sunt
760 1316 817 1370 (4)
829 1345 841 1369 ,
866 1330 985 1370 neque
1017 1316 1113 1370 apud
1132 1327 1290 1357 actorem
1306 1318 1344 1357 in
1361 1318 1521 1371 theatro,
1547 1327 1607 1357 aut
1621 1318 1848 1358 recitatorem

220 1393 279 1421 aut
300 1392 558 1433 spectatorem,
587 1390 648 1417 aut
675 1379 877 1416 auditorem
897 1381 1103 1417 affectiones
1128 1380 1272 1421 easdem
1298 1382 1478 1429 movebit,
1502 1381 1654 1417 eandem
1690 1382 1763 1417 fere
1799 1382 1848 1417 ob

219 1457 375 1483 caussam
398 1443 478 1494 (5),
503 1452 609 1495 atque
633 1441 681 1479 ob
704 1440 807 1493 alias,
830 1440 922 1479 infra
944 1440 1162 1481 indicandas.

266 1507 414 1556 Lyricos
435 1517 522 1543 vero
541 1505 580 1541 in
601 1503 860 1554 rempubHcam
884 1502 1058 1554 admittit,
1085 1504 1211 1554 quihus
1236 1513 1356 1542 tamen
1385 1505 1475 1541 nihil
1502 1516 1633 1541 canere
1655 1504 1848 1554 permittit,

218 1569 284 1606 nisi
313 1566 413 1618 quod
447 1567 492 1604 ab
527 1566 713 1603 honestate
755 1578 863 1615 quam
901 1566 1053 1603 maxime
1089 1565 1384 1617 commendetur,
1422 1577 1463 1604 ut
1498 1567 1628 1616 hymni
1658 1567 1696 1603 in
1727 1567 1851 1614 Deos,

218 1630 382 1671 encomia
405 1630 444 1668 in
471 1629 588 1678 viros,
610 1628 690 1666 vitae
711 1627 911 1678 integritate
940 1640 981 1665 ac
1009 1627 1141 1665 meritis
1164 1628 1315 1678 insignes
1346 1628 1414 1678 (6).

193 1748 197 1752 v
260 1761 307 1805 (1)
327 1761 413 1792 Conf.
435 1762 570 1792 Meiners
594 1760 775 1792 Geschichte
794 1760 848 1790 der
870 1761 1057 1792 Wzssensch.
1078 1761 1111 1790 in
1137 1759 1385 1798 Grieclzenland,
1407 1767 1479 1792 tom.
1500 1761 1545 1800 ΙΙ,
1564 1771 1592 1802 p.
1613 1760 1683 1803 706.

260 1815 306 1858 (2)
327 1817 419 1846 Noct.
438 1816 536 1845 Attic.
553 1815 597 1854 II,
615 1815 642 1845 5.

260 1869 307 1914 (3)
328 1870 414 1901 Polit.
431 1870 490 1909 111,
509 1880 540 1912 p.
561 1867 623 1912 394
641 1868 688 1908 D,
706 1869 765 1911 397
786 1867 857 1899 D-E
867 1892 876 1908 ,
894 1867 955 1912 398
972 1869 1005 1900 A.
1028 1879 1055 1911 p.
1073 1866 1134 1909 598
1154 1867 1189 1911 D.
1212 1879 1277 1911 sqq.
1300 1867 1363 1900 606
1384 1868 1415 1900 C.
1436 1866 1497 1909 607
1521 1868 1555 1899 A.

261 1924 307 1966 (4)
329 1924 416 1954 Polit.
436 1924 499 1962 111,
522 1925 582 1964 392
601 1923 638 1952 D.
668 1955 671 1960 ,

260 1978 307 2021 (5)
327 1978 415 2009 Polit.
429 1977 473 2008 III
483 2001 493 2017 ,
512 1975 573 2020 394
591 1977 632 2017 D,
653 1977 711 2019 397
730 1975 765 2008 E.

262 2032 308 2075 (6)
329 2033 417 2063 Polit.
437 2032 484 2071 X,
507 2032 568 2073 607
585 2034 618 2062 A.
631 2029 757 2061 —⁴¹0r1
778 2028 837 2061 ἴσον
858 2030 933 2070 μόνον
955 2031 1047 2070 ὕμνους
1070 2031 1147 2063 θεοῖς
1168 2030 1215 2061 zai
1234 2030 1362 2069 ἐγκᾶμισι
1385 2032 1443 2064 τοῖς
1463 2033 1578 2069 aui-7100&
1604 2031 1733 2065 ποιέο-εις
1754 2045 1849 2073 ποιμ-

222 2085 332 2117 δικτίοι
352 2088 391 2120 εἰς
410 2085 505 2126 πέλω,
529 2088 552 2117 εἰ
574 2085 606 2116 δι’
627 2084 674 2120 niv
697 2083 847 2124 ἡδυσμένην
870 2088 974 2125 pafo-ar
996 2083 1144 2126 παραδέξῃ
1168 2087 1192 2114 ἐν
1216 2083 1344 2123 μέλεα-ιν,
1367 2085 1386 2120 οἵ
1401 2085 1514 2124 ἕπεο-ιι,
1539 2085 1621 2120 idon}
1641 2099 1682 2115 rot
1708 2084 1757 2116 ui
1776 2085 1849 2120 λύοι-η

222 2143 247 2171 ἐν
261 2143 305 2175 rus
315 2140 394 2171 πόλιι
414 2140 628 2181 ‘Sarmatia-trev,
650 2138 713 2171 οξιτῖ
729 2138 805 2179 κ’μου
825 2153 857 2171 τε
876 2140 924 2171 καὶ
943 2142 996 2174 ‘roff'
1005 2142 1083 2181 xotnj'
1093 2138 1136 2169 οὶέι
1158 2138 1285 2176 δέξοιντος
1304 2138 1373 2170 ἷιηιι
1393 2139 1520 2176 ,ema-‘¹50⁰
1541 2138 1799 2176 acimum—Polit.
1814 2141 1852 2178 V,

222 2194 285 2238 459
298 2193 343 2235 E,
357 2194 412 2225 ubi
430 2196 468 2227 de
483 2196 599 2238 nuptiis
616 2195 714 2237 agitur
733 2195 768 2225 in
789 2194 911 2227 civitate
930 2194 1076 2237 perfecta.
1090 2217 1096 2223 -
1109 2217 1115 2223 -
1128 2216 1136 2224 ·
1156 2193 1202 2225 καὶ
1226 2192 1303 2233 ἕμνοι
1325 2194 1445 2229 ποιητέοι
1466 2194 1522 2227 τοῖς
1545 2192 1684 2235 ἐμιτέροις
1704 2196 1853 2234 ποιηταῖς,

416 2249 463 2287 V.
1631 2249 1656 2284 8
