2078 2790
229 238 284 288 4ο
732 248 760 277 1.
794 228 931 278 nosen
958 244 1115 277 REISER
1143 244 1380 277 RESPONSIO

558 317 652 348 Illum
672 326 739 347 uon
760 316 847 348 labor
866 316 1008 348 Isthmius

564 372 697 402 Clarabit
718 372 874 413 pugilem,
894 383 961 402 non
984 382 1080 412 equus
1096 371 1224 413 impiger

604 426 702 457 Curru
723 426 815 457 ducet
835 425 966 458 Achaico

602 481 772 520 Victorem,
794 492 895 523 neque
917 492 961 512 res
983 479 1094 512 bellica
1111 479 1202 511 Deliis

648 535 801 565 ornatum
820 534 900 565 foliis
923 534 1033 564 ducem

643 587 790 619 Ostendet
812 587 976 629 Capitoli0;

561 640 618 671 Sed
639 652 709 683 quae
729 640 825 672 Tibur
844 650 930 683 aquae
948 640 1047 671 fertile
1067 638 1246 682 perfluunt,

564 694 603 724 Et
624 696 723 736 spissae
742 706 904 726 nemorum
925 704 1017 726 comae

567 748 702 789 Fingent
723 748 820 780 AEolio
833 750 967 780 carmine
987 746 1125 779 nobilem

277 835 324 872 Et
346 835 428 875 alibi
440 848 448 871 t

564 926 591 956 Ο
613 926 707 955 mutis
729 935 853 967 quoque
876 925 1009 967 piscibus

563 979 722 1012 Donatura
741 980 855 1022 cycni,
875 980 899 1010 si
920 978 1035 1019 libeat,
1054 988 1159 1011 vocem
1170 1003 1178 1017 ,

568 1033 681 1062 Totum
702 1034 837 1063 muneris
860 1034 905 1063 tui
925 1038 978 1064 est.

563 1085 653 1123 Quod
673 1090 826 1117 monstror
840 1085 939 1128 digito
958 1086 1212 1129 praetereuntium

562 1139 708 1168 Romame
726 1139 849 1169 fidicem
872 1141 968 1180 lyrae,

558 1192 647 1230 Quod
667 1202 755 1234 spero
773 1197 804 1222 et
820 1192 945 1233 placeo,
966 1192 991 1222 si
1008 1191 1114 1233 placeo
1133 1196 1224 1221 tuum
1244 1194 1297 1220 est.

213 1313 220 1319 ·
275 1268 361 1305 Haec
387 1267 436 1305 de
462 1269 661 1307 verborum
684 1270 964 1321 significatione·
1000 1282 1114 1320 pauca
1149 1265 1374 1306 observanda
1400 1274 1591 1317 supersunt
1625 1264 1672 1302 de
1714 1263 1871 1302 distinc-

226 1328 324 1366 tione
352 1330 448 1368 inter
468 1331 581 1368 verba
601 1338 704 1377 impu-'3
729 1341 765 1368 et
784 1350 912 1376 param.

276 1396 400 1435 Ἐυφυιις
418 1393 476 1442 (1)
499 1392 713 1430 dlcebantur
727 1398 752 1428 οἱ
768 1397 871 1438 ρίιδιυς
887 1397 1063 1437 parebam-u
1074 1422 1083 1437 ‚
1098 1397 1195 1436 «ipo-1¹05
1211 1395 1273 1428 δι
1259 1411 1372 1436 uzon-u·
1388 1410 1453 1437 προς
1467 1395 1562 1427 πάντα
1577 1394 1616 1427 τοὶ
1629 1395 1785 1435 ταθνῖμάτι
1803 1396 1871 1445 (2).

227 1458 345 1490 Maen'm
379 1467 466 1508 vero
496 1454 571 1505 illi,
600 1455 662 1506 qui
690 1454 888 1506 phantasiae
911 1467 1007 1507 ope,
1034 1455 1220 1495 vinculum
1252 1454 1468 1493 constituere
1490 1463 1667 1492 conantur
1693 1454 1871 1494 mundum

226 1517 322 1554 inter
340 1516 519 1553 visibilem
542 1526 580 1554 et
601 1513 901 1567 intellectualem,
921 1517 1223 1569 harmoniamque
1237 1545 1249 1568 ⁷
1268 1518 1309 1554 iis
1325 1515 1520 1555 infundere
1545 1517 1870 1556 circumffindendo

227 1582 334 1620 unius
347 1579 447 1620 ideas
460 1595 540 1619 cum
554 1583 695 1620 alterius
708 1570 899 1634 splendida
909 1582 1025 1620 forma
1034 1595 1045 1631 ς
1055 1590 1115 1619 aut
1124 1608 1136 1631 ‚
1145 1581 1197 1618 uti
1210 1578 1300 1635 dixit
1311 1578 1609 1618 Hemsterhusim
1621 1579 1676 1630 (3)
1688 1593 1697 1616 t
1712 1593 1731 1615 <t
1743 1580 1776 1618 le
1790 1594 1872 1632 pre-

228 1660 248 1681 »
278 1645 369 1681 mier
395 1643 463 1680 but
492 1642 540 1680 de
577 1654 655 1680 tous
685 1644 736 1681 les
769 1654 840 1681 arts
870 1654 923 1681 est
953 1643 1107 1681 d'imiter
1137 1643 1171 1679 la
1208 1651 1335 1682 nature
1369 1644 1500 1692 (ιύφυιις
1514 1643 1529 1689 )
1545 1668 1556 1690 ,
1585 1642 1620 1679 le
1654 1641 1792 1679 second
1824 1642 1871 1679 de

227 1721 246 1741 ›>
277 1701 465 1742 renche'rir
501 1717 563 1741 sur
595 1705 628 1740 la
659 1715 785 1743 nature
812 1718 861 1742 en
898 1703 1111 1754 produisant
1140 1703 1204 1739 des
1239 1704 1338 1739 effets
1352 1732 1363 1752 ‚
1392 1703 1521 1753 qu'elle
1549 1716 1596 1740 ne
1629 1701 1777 1752 produit
1811 1718 1871 1755 pas

228 1782 247 1803 ι»
280 1766 475 1815 aisement,
510 1777 560 1803 ou
590 1765 717 1816 qu'elIe
741 1779 789 1803 ne
819 1766 947 1803 saurait
974 1761 1150 1816 prbduire
1182 1764 1345 1813 (pun'zu)
1374 1764 1443 1813 (4).
1471 1780 1491 1801 »
1518 1763 1652 1802 omnia
1682 1765 1740 1803 vel
1768 1779 1871 1817 prae—

270 1865 317 1907 (ι)
338 1866 406 1896 vid.
433 1865 471 1896 de
498 1876 570 1897 voce
598 1865 732 1897 casaub.
754 1866 792 1897 ad
814 1865 1005 1896 Athenoeum
1016 1888 1026 1905 ‚
1048 1875 1119 1906 pag.
1141 1863 1204 1904 454
1228 1870 1258 1895 et
1279 1864 1385 1895 Suidas
1406 1875 1478 1895 voce
1499 1867 1587 1905 ι’νφυιι
1609 1870 1640 1894 at
1665 1868 1761 1906 ω’φνικ
1773 1890 1783 1905 ,
1804 1877 1871 1908 quae

229 1919 322 1951 verba
337 1919 463 1962 allegav.
481 1919 564 1962 apud
580 1920 668 1952 Alex.
691 1919 826 1962 Aphrod.

270 1974 318 2015 (2)
340 1974 539 2004 Conveniunt
553 1974 618 2003 haec
635 1984 706 2004 eum
722 1974 822 2004 Ethic.
842 1973 958 2003 Nicom.
980 1973 1034 2003 m.
1058 1971 1078 2003 5
1098 1982 1128 2012 p.
1146 1982 1156 2000 ι
1167 1972 1218 2010 13,
1238 1971 1310 2001 edit.
1327 1972 1421 2002 wilk.

269 2026 316 2069 (3)
337 2026 472 2057 OEuvres
494 2026 743 2069 Philosophiques
768 2032 842 2058 tom.
870 2037 881 2056 ι
899 2050 908 2065 ,
923 2037 992 2068 pag.
1012 2025 1043 2057 6.

268 2080 315 2122 (4)
336 2080 567 2122 Elegantissime
585 2081 642 2111 hac
663 2081 700 2112 de
721 2093 753 2112 re
774 2081 813 2112 cl.
834 2081 1007 2119 Kinkerus,
1028 2085 1103 2110 tom.
1125 2078 1149 2108 1.
1168 2080 1233 2109 Het
1253 2091 1333 2110 ware
1355 2081 1409 2110 der
1431 2079 1636 2115 schoonlzeid,
1657 2090 1715 2121 pag
1738 2090 1786 2110 21.

571 2181 583 2194 ι
600 2170 638 2205 Gy
654 2172 736 2196 wiens
750 2172 872 2206 penseel,
885 2170 917 2195 of
934 2171 985 2195 luit
996 2190 1002 2201 ,
1022 2170 1054 2195 of
1074 2169 1126 2194 ml
1143 2168 1206 2193 dien
1225 2169 1308 2204 schyn
1322 2170 1374 2195 kan
1391 2170 1498 2200 treffen,

564 2226 576 2240 n
599 2215 679 2246 Leer,
697 2217 767 2247 leer,
788 2225 831 2242 uw
849 2225 901 2249 oog
912 2236 919 2246 ,
938 2225 980 2241 uw
998 2225 1059 2247 our,
1078 2223 1122 2245 uw,
1144 2213 1304 2240 denkkmchz
1321 2222 1346 2240 te
1363 2215 1512 2245 verheffen,

561 2272 573 2285 n
596 2260 638 2286 En
655 2269 733 2295 spoor
747 2261 799 2286 den
817 2261 974 2296 grondvonn
986 2282 993 2292 ,
1010 2261 1075 2286 dien
1093 2265 1189 2285 nntuur
1202 2266 1227 2284 te
1249 2260 1349 2286 andren
1363 2259 1448 2285 mein
1459 2281 1465 2291 ,

561 2318 572 2332 n
595 2307 627 2332 In
644 2307 717 2334 ieder
734 2316 869 2342 vom-werp
890 2305 938 2333 na!
950 2321 984 2329 -
996 2306 1082 2341 Dring
1099 2305 1164 2332 door
1185 2305 1237 2331 den
1252 2305 1451 2332 schemenucht
