2078 2790
506 172 563 204 AD
595 170 763 211 QUAEST.
794 171 962 204 PH1LOS.
992 171 1155 203 THEOR.
1189 170 1246 203 ET
1277 170 1420 203 LITER.
1450 173 1619 204 HUMAN.
1828 164 1879 205 25

245 251 356 281 erant.
381 243 570 281 Hesiodus
596 240 749 278 deorum
768 243 1010 292 genealogiam
1032 243 1184 292 cecinit3
1209 243 1455 280 Callimachus
1477 245 1640 293 Hymnos
1668 245 1706 280 in
1732 244 1877 281 illorum

244 304 424 344 honorem
451 303 688 354 composuit,
707 313 744 341 et
768 304 931 355 antiquus
959 313 1065 355 poeta
1087 317 1214 342 eorum
1237 305 1436 341 carminum
1465 314 1589 341 auctor
1622 305 1773 355 exstitit,
1799 317 1879 355 quae

245 366 412 403 Homero
439 365 547 415 vulgo
574 365 835 402 adscribuntur.
859 366 982 416 Opera
1009 366 1113 402 etiam
1129 394 1141 415 7
1167 379 1246 415 quae
1275 366 1355 403 alias
1376 366 1585 416 spectabant
1613 379 1667 402 res
1682 394 1693 415 ,
1717 368 1879 403 interve-

248 427 371 464 niente
405 427 488 465 Deo
501 455 513 478 ,
530 427 666 475 exitum
687 426 857 465 habuere.
881 427 1073 465 Docebant
1094 428 1216 465 omnia
1240 428 1276 464 in
1297 428 1366 464 hac
1386 437 1480 464 terra
1507 428 1673 464 Deorum
1701 428 1776 476 geri
1801 441 1877 464 nu-

248 488 346 526 min'e
365 501 406 525 ac
427 498 622 539 potestate,
641 490 874 539 omniumque
895 503 970 526 esse
995 488 1160 526 dominos
1191 503 1231 525 ac
1253 488 1498 526 moderatores
1529 489 1658 526 Deos:
1686 490 1754 525 Dii
1773 500 1877 538 sunt,

248 550 310 601 qui
330 548 576 589 fortitudinem
600 551 756 589 excitant
774 561 810 588 et
831 551 982 600 tollunt,
1013 553 1072 602 qui
1096 552 1259 589 victorias
1290 565 1330 588 ac
1354 550 1470 588 clades
1492 551 1665 600 mittunt,
1693 559 1728 587 et
1750 552 1878 588 veritas

248 612 443 663 plurimum
468 613 643 651 celebrata
666 613 725 650 illa
756 623 828 663 est,
853 612 1099 652 fortitudinem
1133 627 1175 651 ac
1199 615 1409 664 sapientiam
1441 613 1531 650 nihil
1556 613 1700 662 valere,
1726 613 1794 650 nisi
1819 613 1881 649 ad-

247 674 394 724 juvante
419 674 658 725 providentia.
680 676 763 714 Non
788 690 876 714 vero
903 685 1041 714 tantum
1067 677 1174 728 primi
1201 676 1300 714 fuere
1327 675 1493 726 theologi
1514 685 1653 726 poetae,
1679 673 1745 712 sed
1771 675 1878 711 etiam

244 735 393 785 politici
412 738 530 787 primi.
547 738 683 775 Notum
704 747 776 787 est,
810 748 982 789 quantum
1004 739 1221 789 profecerint
1242 739 1364 788 primis
1381 738 1446 775 illis
1466 737 1625 786 saeculis,
1652 746 1692 773 ut
1712 737 1879 773 homines

249 797 427 848 polirent,
443 812 552 849 quem
577 800 615 836 in
641 800 752 837 finem
770 813 832 837 eos
851 800 890 837 in
916 800 1023 836 urbes
1045 809 1306 850 congregarunt
1330 809 1366 837 et
1388 799 1572 836 communi
1594 797 1771 835 societatis
1796 797 1882 835 vin-

250 858 331 895 culo
353 859 628 909 conjunxerunt.
654 859 746 897 Inde
771 860 899 897 fabulae
919 861 987 897 illae
1011 861 1251 911 Amphionem
1268 861 1353 910 lyrae
1377 861 1495 897 sonitu
1522 871 1645 895 muros
1669 857 1880 907 aedificasse,

255 920 439 969 Orpheum
460 931 584 958 cantus
601 924 770 960 suavitate
795 922 871 959 fera
890 921 1052 959 domasse
1074 933 1110 959 et
1127 931 1295 959 sexcenta
1318 922 1394 958 alia.
1418 921 1651 971 Legislatores
1681 920 1881 957 civitatibus

250 982 424 1031 primariis
449 983 544 1034 leges
570 983 733 1021 ferebant
754 985 896 1035 poetica
922 984 1060 1034 lingua,
1077 997 1261 1035 persuasos
1281 997 1318 1020 se
1331 983 1505 1019 habentes
1520 1009 1532 1031 7
1552 982 1626 1017 illas
1642 994 1687 1019 eo
1707 981 1881 1030 majorem

252 1042 387 1082 habere
414 1045 487 1083 vim
524 1055 559 1083 et
593 1045 839 1083 efficacitatem
868 1045 1074 1096 faciliusque
1110 1046 1293 1089 memoria:
1321 1043 1496 1082 mandari.
1520 1043 1671 1081 Constat
1701 1042 1855 1092 denique
1870 1070 1880 1090 7

252 1104 449 1154 Solonem,
491 1106 554 1141 diu
581 1116 663 1156 post
680 1133 692 1155 7
730 1119 894 1156 magnam
924 1106 1063 1142 illarum
1090 1106 1377 1156 legumpartem
1404 1132 1415 1153 7
1450 1118 1536 1154 quas
1565 1105 1604 1141 iu
1636 1104 1880 1154 sapientissimi

250 1164 378 1215 populi
406 1179 509 1202 usum
533 1167 693 1216 ferebat,
723 1168 884 1204 carmine
915 1166 1118 1204 condidisse
1148 1169 1216 1216 (1).

303 1227 454 1277 Morum
467 1227 642 1265 doctrina
665 1227 814 1265 tandem
837 1229 1033 1265 maximum
1054 1242 1205 1278 poeseos
1219 1228 1285 1264 fuit
1303 1231 1542 1279 propositum.
1553 1230 1756 1279 Inquiratur
1768 1225 1881 1264 modo

250 1289 289 1325 in
305 1288 415 1326 finem
436 1289 607 1340 cujusque
629 1291 779 1341 poeticae
804 1291 962 1341 generis:
981 1291 1100 1340 Epico
1126 1290 1292 1327 Car-mini
1309 1291 1495 1327 consilium
1514 1300 1590 1328 erat
1606 1300 1696 1328 tecte
1722 1288 1882 1326 docendi

254 1350 441 1401 allegorica
461 1352 664 1389 narratione
681 1345 762 1389 facti
786 1353 905 1403 magni
922 1361 957 1389 et
971 1352 1129 1400 heroici3
1156 1352 1250 1389 Odoe
1264 1379 1275 1401 7
1294 1353 1440 1389 virtutes
1453 1380 1464 1401 7
1489 1353 1651 1402 factaque
1671 1363 1885 1401 magnorum

255 1414 414 1452 ‘virorum
431 1413 638 1452 celebrandi
649 1442 660 1464 7
687 1412 845 1464 indeque
859 1427 985 1452 omues
996 1413 1043 1451 ad
1055 1412 1267 1451 imitandum
1282 1413 1476 1464 incitandi3
1492 1415 1530 1451 T
1521 1413 1703 1464 ragaediae
1717 1414 1885 1450 timorem

255 1484 290 1512 et
311 1476 535 1513 clementiam
552 1474 798 1527 temperandi,
813 1488 951 1525 nosque
969 1475 1222 1516 assuefaciendi
1239 1476 1309 1511 istis
1330 1476 1591 1524 affectionibus,
1614 1489 1694 1525 quoe
1711 1476 1740 1511 si
1757 1484 1885 1512 exeant

254 1535 426 1586 modum,
456 1546 552 1574 tanta
575 1537 680 1573 nobis
703 1546 853 1588 possunt
884 1549 1008 1587 parare
1036 1536 1127 1572 mala
1157 1536 1236 1586 (a),
1264 1536 1463 1575 Comoedioe
1491 1546 1528 1574 et
1555 1537 1703 1586 Sagyroe
1728 1535 1885 1573 ridendo

255 1610 382 1651 vertum
404 1597 552 1635 dicendi
574 1607 609 1635 et
631 1597 828 1635 ridiculosis
847 1599 1052 1647 vitiosisque
1075 1598 1211 1634 bellum
1231 1607 1445 1648 perpetuum
1472 1598 1628 1635 faciendi
1644 1598 1722 1647 (3);
1743 1598 1888 1648 Elegioe

256 1659 365 1698 morti
396 1659 539 1696 illorum
575 1658 765 1699 hominum
802 1657 1067 1708 illacrimandi,
1109 1660 1169 1708 qui
1208 1659 1401 1697 hominum
1435 1661 1608 1699 memoria
1643 1659 1743 1710 dig'ni
1777 1659 1893 1697 habiti

257 1730 361 1769 sunt3
385 1720 543 1770 Eologoe
559 1720 804 1757 innocentiam
829 1729 865 1756 et
889 1719 1014 1770 gaudia
1039 1721 1242 1769 campestris
1264 1729 1372 1769 atque
1398 1719 1591 1758 moderatae
1617 1722 1701 1758 vitae
1722 1721 1889 1758 canendi.

308 1781 421 1832 Quod
437 1780 476 1819 si·
495 1782 534 1818 in
560 1790 745 1831 posterum
766 1780 824 1818 hae
852 1774 1001 1821 diversae
1028 1781 1160 1831 species
1190 1782 1229 1818 in
1256 1781 1338 1818 alias
1361 1783 1584 1832 transierint,
1606 1796 1625 1819 a
1649 1784 1770 1833 primo
1791 1795 1888 1835 pro-

295 1898 342 1941 (1)
363 1898 407 1928 De
430 1898 548 1927 Solonis
574 1897 692 1938 poetico
718 1896 843 1936 ingenio
867 1896 980 1926 confer.
1017 1896 1116 1925 Gmen
1139 1907 1206 1924 van
1235 1898 1410 1925 Prinaterer
1436 1896 1472 1925 iu
1501 1895 1568 1926 diss.
1590 1906 1659 1937 pag.
1690 1907 1729 1926 22
1751 1907 1835 1938 seqq.
1860 1904 1891 1927 et

253 1955 287 1985 C.
308 1954 342 1983 A.
361 1951 484 1992 Abhing
494 1975 503 1990 ‚
517 1950 676 1993 Gymnasii
694 1950 834 1979 Hornani
853 1951 986 1980 Rectoris
997 1973 1005 1988 ,
1024 1949 1059 1978 de
1078 1949 1197 1978 Solonis
1216 1950 1361 1979 laudibus
1376 1952 1513 1989 poeticis.

299 2007 346 2049 (2)
367 2007 488 2037 Aristot.
503 2015 567 2046 cap.
584 2004 635 2035 VI.
656 2004 715 2034 313
718 2025 764 2033 .....
785 2003 817 2033 δῖ
838 2003 912 2034 ι’λεόυ
927 2003 975 2034 zai
995 2002 1073 2041 Qo'ssov
1094 2002 1256 2043 πιμιῖνονσσι
1276 2002 1323 2036 τὼ
1342 2006 1393 2033 nst
1415 2003 1539 2034 rmu'rm
1553 2004 1731 2043 παθημάτων
1749 2003 1889 2044 xet'Oaeprn.

298 2060 347 2103 (3)
368 2060 490 2091 Aristot.
514 2068 578 2100 cap.
598 2058 634 2089 V.
656 2056 677 2099 ς
703 2067 749 2086 11.
771 2059 805 2087 Ἠ
831 2056 864 2087 δι
891 2057 1023 2098 ιυμᾳδῖαι
1047 2055 1115 2094 ι’ςιί,
1143 2055 1234 2097 ὅπερ
1256 2056 1385 2096 ι’ίπομει,
1409 2056 1548 2096 μῖμησίς,
1572 2057 1742 2098 φαυλοτέραν
1765 2072 1837 2098 μιν,
1863 2061 1890 2089 ἆυ

259 2114 352 2153 pin-u
373 2129 450 2146 κειται
469 2116 564 2145 τῖε-ιι
580 2111 689 2144 κακίαν.
705 2109 785 2142 nimai
801 2114 848 2142 ro'io
867 2114 990 2154 aio-xpo*
1002 2113 1059 2142 ‘'o-ra
1081 2110 1113 2141 π’
1125 2112 1231 2148 γελοῖοι
1245 2125 1345 2152 ,napum
1365 2110 1398 2141 τί
1418 2111 1472 2152 'reip
1493 2111 1596 2148 γελοιέι
1616 2111 1667 2144 ἷςιι
1685 2111 1846 2153 ae‘puiprqpui
1865 2127 1892 2143 τι

260 2181 309 2198 ιιι
332 2167 435 2207 αἶα-χες
456 2167 583 2200 iudei-nn
597 2191 606 2207 ‚
628 2180 676 2199 nae
699 2168 727 2198 oni
746 2166 902 2208 φὼρ-Πάν·
921 2169 992 2206 ὄιον,
1010 2168 1079 2198 ‘'vous-
1102 2179 1134 2196 το
1156 2165 1261 2202 γελοῖον
1283 2164 1421 2206 κρέα-σπου
1443 2167 1555 2206 aito-xpo,
1578 2179 1606 2196 τι
1627 2180 1674 2196 zac
1696 2165 1893 2207 διεςμμμίνοι

258 2221 322 2255 ἔην
337 2221 443 2259 ὄδᾶνης.

407 2277 454 2316 v.
1672 2276 1696 2322 4
