2078 2790
218 287 270 329 52
713 301 741 331 1.
773 298 908 332 Buscn
940 298 1097 331 KEISER
1128 298 1365 333 mssaonsm

219 368 412 420 quemdam
437 369 612 407 habemus
637 370 822 421 habitum,
839 370 885 407 ad
908 368 1006 422 quod
1023 370 1114 407 nihil
1135 371 1201 422 ipsi
1224 370 1393 422 fecimus,
1412 379 1447 408 et
1465 370 1565 423 quod
1590 379 1709 408 tamen
1731 369 1858 408 sundass

219 443 382 470 mentum
419 444 472 471 est
503 435 644 471 illarum
674 433 922 484 diversarum,
955 433 1018 470 sed
1058 444 1222 484 respectu
1257 436 1416 472 essentiae
1444 435 1601 471 hominis
1636 435 1861 472 fortuitarum

219 493 559 547 modificationum,
596 497 722 547 quibus
755 505 942 547 tantopere
974 496 1067 533 inter
1093 509 1131 533 se
1170 494 1436 548 distinguuntur
1470 496 1635 534 homines
1652 525 1664 547 ,
1697 506 1737 534 ut
1763 495 1860 533 nulla

222 558 264 594 sit
295 559 387 595 ratio
402 587 413 609 ,
446 573 556 609 quare
573 559 645 596 hoc
672 559 840 610 explicari
865 558 993 597 debeat
1016 572 1061 595 ex
1083 560 1238 597 externis
1262 560 1391 597 caussis
1413 561 1527 610 aeris,
1551 560 1694 610 imperii
1716 560 1860 607 formae,

227 619 473 671 educationis,
500 622 684 670 alimenti,
712 622 970 670 convictionis3
1002 620 1174 672 quodque
1202 631 1395 672 propterea
1421 631 1492 659 tam
1526 620 1587 657 diu
1612 621 1691 671 jure
1714 630 1863 659 vocatur

223 683 389 719 innatum
407 711 418 732 ,
452 697 558 732 quam
590 684 700 719 firmis
739 685 922 733 principiis
947 696 1025 719 non
1066 683 1258 733 probatum
1292 684 1420 733 fuerit,
1450 682 1725 720 fundamentum
1759 683 1865 732 hujus

221 742 432 780 discriminis
460 745 571 794 quaeri
599 757 703 795 posse
737 755 773 782 et
806 744 1041 796 quaerendum
1066 759 1141 783 esse
1165 746 1203 782 in
1231 746 1447 783 enumeratis
1475 746 1602 782 caussis
1622 746 1787 783 externis.

272 805 360 842 Satis
391 806 464 856 jam
495 806 671 845 indicasse
699 806 834 857 credo,
863 821 1003 845 sensum
1030 808 1129 845 illum
1155 808 1427 858 sublimiorem,
1459 822 1566 859 quem
1597 806 1750 845 diximus
1766 834 1777 856 ,
1796 807 1864 843 in—

220 877 348 905 natum
372 882 447 906 esse
476 870 590 920 poetis
605 898 616 920 ,
638 870 834 907 convenire
862 883 944 907 cum
974 869 1096 908 divina
1119 870 1350 921 inspiratione
1374 871 1551 908 Platonis
1573 880 1609 907 et
1639 868 1863 907 Aristotelis.

273 931 511 967 Transeamus
538 930 584 968 ad
609 933 787 970 rationem
806 945 977 983 poeseos,
999 945 1079 983 quae
1100 933 1297 970 imitatione
1326 935 1541 970 continetur.
1571 932 1631 969 De
1654 945 1695 969 ea
1718 929 1865 981 quidem

224 991 342 1029 Plato
366 991 503 1042 aliquid
532 994 716 1043 praecipit,
747 993 835 1044 quid
857 1003 977 1031 tamen
1009 995 1157 1044 proprie
1181 994 1225 1030 sit
1246 995 1397 1031 imitatio
1420 1003 1456 1031 et
1477 1003 1652 1045 quatenus
1675 991 1867 1031 conveniat

226 1066 307 1090 cum
320 1052 423 1103 idea,
447 1067 555 1105 quam
573 1067 639 1091 nos
664 1053 710 1091 de
728 1069 769 1092 ea
789 1056 1019 1105 concepimus
1033 1083 1045 1105 ,
1058 1069 1102 1093 ex
1118 1056 1193 1106 ejus
1207 1056 1318 1093 effatis
1336 1055 1477 1093 efficere
1495 1068 1572 1092 non
1588 1055 1670 1091 licet
1683 1082 1694 1104 ,
1708 1054 1868 1104 quamvis

222 1116 360 1164 primus
377 1116 482 1152 fuerit
499 1117 583 1165 ,qui
595 1115 641 1152 de
655 1117 853 1153 imitatione
865 1118 1055 1167 scripserit.
1067 1119 1216 1154 Secutus
1229 1126 1281 1154 est
1291 1117 1512 1153 Aristoteles
1522 1130 1604 1153 cum
1615 1126 1720 1152 acuto
1738 1116 1868 1166 philo-

222 1176 330 1227 sophi
350 1186 385 1214 et
403 1177 514 1214 critici
528 1178 674 1227 ingenio
686 1178 862 1228 principia
881 1177 927 1213 ad
947 1179 1218 1226 consequentias
1237 1176 1413 1213 adhibens
1425 1186 1461 1213 et
1479 1176 1690 1226 extendens,
1704 1190 1784 1226 quae
1793 1178 1867 1225 ejus

223 1239 388 1287 magister
403 1251 485 1273 cum
500 1240 686 1274 severitate
705 1239 863 1273 censoris
878 1236 1122 1287 judicaverat,
1135 1250 1287 1287 quaeque
1300 1236 1534 1287 descripserat
1545 1264 1558 1287 ,
1573 1238 1692 1274 utifur
1705 1247 1764 1274 aut
1776 1237 1867 1274 latro

225 1298 454 1351 depingitur,
466 1309 506 1336 ut
520 1301 633 1336 sciant
647 1312 773 1336 omnes
786 1326 797 1349 ,
809 1313 892 1336 eum
904 1313 978 1337 esse
991 1298 1192 1337 vitandum.
1203 1299 1261 1335 Ex
1273 1299 1371 1336 hisce
1385 1299 1543 1337 fontibus
1554 1327 1565 1350 ,
1576 1300 1737 1350 inprimis
1748 1309 1868 1337 tamen

227 1375 247 1397 e
278 1363 585 1399 commentatione
609 1360 848 1410 Aristotelis,
868 1361 947 1397 hoec
971 1361 1015 1397 ab
1042 1361 1194 1410 antiquis
1223 1360 1270 1396 ad
1297 1361 1513 1397 recentiores
1546 1361 1665 1398 tansiit
1692 1360 1866 1398 doctrina.

280 1423 361 1459 Alia
387 1433 510 1461 tamen
543 1423 691 1473 quoestio
717 1432 791 1472 est,
824 1435 898 1473 quo
925 1436 1030 1460 sensu
1065 1432 1101 1459 et
1135 1436 1154 1458 a
1185 1422 1312 1472 quibus
1344 1423 1539 1472 originariis
1567 1422 1655 1459 ideis
1692 1421 1870 1472 deducta,

228 1485 346 1534 poesis
378 1485 477 1522 initio
506 1495 634 1523 vocata
654 1485 698 1521 sit
733 1485 882 1521 imitatio
915 1498 934 1520 a
958 1484 1123 1523 Platone
1150 1493 1185 1520 et
1209 1483 1435 1532 Aristotele,-
1473 1484 1539 1520 alia
1574 1497 1685 1534 vero,
1711 1496 1869 1534 quonam

228 1559 336 1583 sensu
359 1560 379 1583 a
399 1548 656 1585 recentioribus
679 1548 723 1583 sit
743 1556 909 1597 accepta,
931 1547 993 1596 qui
1016 1560 1097 1583 cum
1126 1547 1251 1597 poesin
1278 1544 1445 1583 viderent
1464 1550 1618 1589 μιμητίιηι
1639 1560 1713 1584 esse
1737 1556 1869 1594 artem,

230 1609 389 1658 primum
420 1611 663 1660 propositum,
695 1609 801 1660 hujus
830 1609 1067 1659 expressionis
1096 1621 1172 1646 non
1203 1609 1479 1658 investigarunt,
1510 1607 1574 1646 sed
1604 1608 1871 1661 particularibus

233 1672 285 1707 usi
301 1681 385 1707 sunt
408 1670 498 1708 ideis
518 1670 565 1707 ad
588 1672 692 1720 hujus
713 1672 1014 1722 explicationem,
1033 1682 1139 1721 atque
1159 1672 1264 1721 igitur
1284 1669 1330 1708 ud
1356 1684 1437 1708 eum
1459 1669 1703 1709 extenderunt
1714 1684 1869 1719 sensum,

233 1745 306 1782 quo
328 1733 545 1783 amplissima
573 1733 730 1783 analogia
759 1734 838 1784 capi
862 1741 993 1784 posset.

280 1796 338 1831 Ex
374 1796 551 1832 sententia
587 1795 846 1832 nonnullorum
877 1794 1040 1844 judicum
1080 1807 1188 1831 omne
1231 1796 1268 1831 in
1311 1795 1513 1833 liberalibus
1546 1796 1678 1833 artibus
1710 1798 1869 1847 imitatio

238 1866 315 1906 est,
332 1869 377 1893 ex
396 1857 595 1894 imitatione
620 1866 740 1893 ortum
764 1866 948 1894 traxerunt
971 1867 1006 1894 et
1029 1869 1154 1894 eorum
1170 1856 1258 1893 ratio
1274 1857 1433 1894 consistit
1454 1859 1491 1895 in
1505 1867 1643 1896 naturae
1659 1858 1872 1911 imitalipne:

237 1919 410 1954 artificum
433 1931 542 1968 opera
565 1928 758 1969 propterea
780 1928 918 1955 tantum
944 1920 1110 1968 placent,
1138 1919 1218 1967 quia
1239 1919 1333 1955 bene
1356 1921 1522 1956 successit
1538 1921 1711 1968 imitatio,
1737 1929 1771 1955 et
1786 1920 1872 1972 quia

239 1979 470 2017 similitudine
490 1979 733 2030 delectamur,
754 1994 860 2031 quam
884 1981 1085 2018 invenimus
1111 1980 1202 2017 inter
1226 1980 1375 2032 effigiem
1396 1991 1432 2019 et
1449 1980 1487 2018 id
1505 1980 1604 2032 quod
1628 1981 1794 2030 effectum
1811 1991 1873 2018 est.

238 2042 351 2079 Multa
378 2043 416 2078 in
441 2042 513 2079 hoc
535 2041 669 2092 judicio
698 2056 782 2080 vera
806 2053 913 2092 sunt,
939 2055 1017 2080 non
1045 2052 1168 2079 tamen
1195 2044 1325 2079 omnia.
1348 2043 1562 2094 Eloquentia
1589 2044 1710 2093 enim,
1738 2031 1876 2094 pffesis,

239 2105 372 2141 musica
399 2114 435 2141 et
456 2104 593 2140 saltatio
613 2105 687 2141 sine
715 2104 827 2143 dubio
843 2105 1015 2156 originem
1043 2104 1223 2141 duxerunt
1244 2119 1262 2142 e
1283 2106 1340 2155 vi,
1365 2120 1435 2156 qua
1462 2106 1628 2143 subitarie
1654 2097 1778 2142 sensus
1796 2104 1875 2144 affi-

242 2168 382 2205 ciebant
405 2181 461 2205 res
488 2176 668 2217 externae,
691 2175 734 2205 ex
763 2169 897 2219 impetu
923 2169 984 2218 qui
1006 2169 1119 2206 oritur
1142 2167 1246 2204 rebus
1266 2170 1443 2219 perceptis
1471 2169 1624 2206 externis
1648 2167 1694 2205 ad
1721 2158 1873 2208 laetsfiam

240 2229 347 2277 vulgo
380 2239 414 2265 et
447 2229 660 2265 hilaritatem
691 2231 944 2278 excitantibus,
983 2243 1144 2280 quosque
1172 2229 1297 2266 hilares
1329 2231 1500 2280 laetosque
1532 2230 1641 2265 animi
1670 2242 1790 2272 sensns
1822 2231 1876 2265 si—

241 2290 319 2340 gnis
349 2291 502 2328 externis
530 2303 606 2331 non
637 2291 837 2342 exprimere
866 2302 901 2329 et
927 2292 973 2329 ita
1005 2305 1087 2329 cum
1123 2291 1195 2328 aliis
1222 2304 1295 2329 non
1322 2293 1588 2330 communicare
1614 2293 1674 2331 vix
1698 2301 1874 2343 poterant.

241 2352 354 2389 Primi
391 2362 531 2402 poetae,
573 2353 698 2391 musici
738 2363 773 2392 et
810 2353 1025 2403 histriones,
1060 2354 1136 2391 sine
1181 2351 1312 2404 dubio,
1356 2364 1625 2405 expresserunt·
1644 2366 1724 2395 suos
1769 2352 1876 2391 animi
