2078 2770
498 261 556 291 An
586 259 755 299 QuAEs‘r.
790 249 902 292 Prin„
932 262 1095 295 THEOR.
1126 264 1359 311 ETRerER.
1387 266 1559 297 HUMAN.
1817 255 1869 297 53

220 342 362 382 sensus,
391 342 468 367 non
502 342 590 368 vero
616 330 791 368 imitando
816 344 1066 385 expresserunt
1091 335 1201 372 animi
1239 349 1360 374 sensus
1398 337 1561 388 alterius3
1589 346 1623 374 et
1654 338 1868 375 immortalia

220 393 476 431 Demosthenis
509 403 569 430 aut
599 395 784 433 Ciceronis
814 409 922 446 opera
948 411 1025 434 non
1055 398 1227 436 debemus
1260 401 1447 437 imitationi
1477 411 1634 450 naturae,
1661 401 1726 437 sed
1751 402 1870 439 vehe-

221 455 359 505 menti,
388 468 458 506 qua
485 454 704 507 flagrabant,
732 456 917 509 cupiditati
949 459 1148 498 libertatem
1173 470 1208 498 et
1231 461 1308 511 jura
1334 460 1568 499 defendendi.

271 518 375 568 Saepe
403 517 551 569 quidem
582 520 727 571 evenit,
751 530 790 557 ut
815 522 939 559 artifex
967 525 1172 561 sensationis
1204 538 1274 561 suae
1298 526 1565 575 expressionem
1589 536 1772 575 spectans,
1798 541 1869 563 na-

221 588 309 616 turae
332 580 455 630 pingat
473 581 638 631 objecta,
659 590 698 618 ut
716 594 819 619 suum
842 593 1077 635 consequatur
1099 587 1341 636 propositum:
1367 585 1430 623 sed
1451 588 1513 636 qui
1540 587 1717 623 honarum
1740 588 1867 624 artium

223 641 401 678 rationem
427 643 466 678 in
500 642 559 679 illa
585 644 711 693 ponit,
737 646 913 682 convertit
938 646 1114 696 peculiare
1145 647 1394 696 adjumentum
1429 650 1466 684 iu
1497 648 1696 685 universale
1726 661 1868 698 propo-

221 703 337 739 situm.
363 703 500 741 Omnes
526 703 663 754 judices
688 705 732 742 ab
762 707 964 745 Aristotele
985 707 1031 744 ad
1056 719 1176 747 nostra
1203 723 1315 760 usque
1340 719 1502 760 tempora
1534 720 1669 747 naturae
1694 711 1868 747 imitatio-

221 778 305 802 nem
332 764 504 816 suadent,
534 776 639 817 atque
662 768 735 805 hoc
761 768 864 819 jure,
892 770 1004 807 modo
1030 782 1125 809 recte
1155 772 1406 822 intelligantur.

274 827 349 877 Qui
369 828 477 866 vellet
506 830 738 879 praescribere
763 832 907 882 artifici,
925 842 963 869 ut
982 832 1236 884 quodcumque
1258 835 1442 884 objectum
1466 837 1503 872 in
1536 846 1662 874 natura
1688 837 1755 874 sibi
1778 837 1864 887 pla-

225 898 347 939 ceret,
374 889 462 927 illud
490 891 712 942 imitaretur,
738 902 776 929 ut
808 895 1059 932 convenientia
1087 897 1291 933 imitationis
1322 910 1402 932 cum
1428 898 1574 947 objecto
1604 897 1867 949 delectaretur,

224 952 297 988 sive
315 961 355 988 ut
368 961 559 1002 propterea
584 954 766 1003 pingeret,
784 956 866 1004 quia
883 955 1013 993 tabulae
1029 958 1228 995 consimiles
1247 958 1415 1008 placent,
1431 960 1496 995 iste
1519 970 1615 996 certe
1633 960 1789 998 ludibrio
1804 961 1867 998 ha-

226 1013 328 1050 beret
362 1014 496 1064 optima
527 1016 659 1065 ingenii
684 1028 805 1066 opera.
838 1017 1022 1069 Principes
1045 1020 1216 1070 artifices,
1244 1034 1355 1070 quum
1378 1020 1493 1058 hocce
1519 1021 1758 1060 fundamento
1779 1034 1867 1061 ute-

223 1085 370 1125 rentur,
391 1074 559 1113 luderent
588 1087 777 1127 naturam,
807 1088 846 1114 ut
878 1081 981 1128 pueri
1004 1080 1160 1131 ludunt,
1185 1083 1245 1131 qui
1275 1082 1319 1118 ad
1348 1083 1650 1120 oblectamentum
1679 1087 1783 1121 serias
1810 1099 1865 1123 res

223 1137 417 1173 imitantur.

269 1197 402 1247 Regula
440 1197 486 1235 de
514 1197 710 1237 imitatione
739 1211 898 1252 naturae,
939 1212 1112 1253 quatenus
1145 1205 1310 1254 generale
1353 1204 1630 1243 fundamentum
1671 1210 1863 1246 constituat

221 1260 325 1297 bonis
355 1260 488 1297 artibus
524 1262 574 1297 sic
610 1261 819 1313 accipienda
841 1264 930 1301 mihi
958 1263 1126 1315 videtur,
1154 1279 1266 1316 quum
1292 1268 1335 1304 sit
1364 1268 1489 1305 artifex
1519 1278 1654 1307 naturae
1678 1284 1799 1308 servus
1828 1282 1864 1309 et

223 1320 269 1358 ad
298 1335 409 1359 unum
447 1335 529 1360 cum
559 1337 600 1361 ea
634 1323 760 1361 tendat
791 1326 1017 1376 propositum
1035 1354 1046 1376 ,
1079 1328 1189 1364 utitur
1221 1329 1326 1366 etiam
1360 1330 1529 1367 similibus
1561 1330 1801 1383 adjumentis,
1826 1345 1864 1371 ut

221 1384 330 1421 finem
359 1398 462 1421 suum
487 1386 658 1436 attingat,
689 1388 770 1437 quia
796 1401 885 1425 vero
908 1387 986 1425 haec
1013 1390 1129 1439 prima
1163 1400 1198 1427 et
1218 1391 1470 1441 perfectissima
1501 1393 1659 1430 effectrix
1696 1394 1742 1430 ad
1777 1397 1864 1433 fines

221 1457 302 1481 suos
327 1446 552 1496 attingendos
587 1457 659 1484 tam
688 1448 782 1485 bene
809 1451 902 1500 agit,
937 1460 977 1486 ut
1005 1451 1128 1487 melius
1157 1452 1464 1504 quidrexcogitari
1487 1466 1668 1505 nequeat,
1694 1456 1777 1494 ideo
1805 1459 1863 1495 ille

222 1507 318 1545 hanc
338 1509 493 1546 imitetur
516 1523 661 1546 necesse
690 1520 752 1547 est.

272 1571 408 1608 Verum
433 1570 479 1607 ad
504 1571 599 1608 hanc
618 1581 754 1609 naturae
783 1573 1017 1611 imitationem
1050 1587 1127 1611 non
1162 1577 1390 1626 pervenimus
1415 1578 1680 1618 inconsiderata
1706 1581 1862 1621 delinea-

221 1633 319 1670 tione
355 1634 611 1670 nonnullarum
640 1636 817 1684 partium,
851 1635 915 1673 sed
950 1637 1095 1674 effectus
1128 1648 1180 1674 est
1219 1641 1531 1689 contemplationis
1568 1653 1738 1680 accuratae
1776 1659 1862 1682 mo-

220 1695 346 1731 ralium
367 1695 492 1731 finium
505 1722 516 1744 ,
537 1708 626 1745 quos
649 1705 775 1733 natura
794 1695 949 1747 detegit,
969 1707 1004 1734 et
1024 1697 1312 1748 adjumentorum
1329 1729 1339 1750 ,
1366 1702 1494 1751 quibus
1516 1705 1756 1753 perficiuntur.
1770 1707 1862 1745 Inde

223 1755 327 1793 discit
352 1757 497 1805 artifeX,
524 1757 710 1806 quomodo
734 1768 860 1795 natura
888 1759 1056 1808 gaudium
1078 1770 1136 1795 aut
1162 1759 1307 1798 taedium
1333 1764 1431 1812 apud
1456 1778 1521 1801 nos
1543 1767 1672 1802 excitet
1693 1778 1728 1803 et
1752 1782 1861 1818 quam

223 1818 407 1856 artificiose
436 1819 507 1868 jam
527 1818 600 1856 hoc
621 1819 694 1869 jam
722 1819 783 1856 illo
810 1829 929 1857 utatur
956 1831 1186 1872 argumento,
1215 1833 1253 1859 ut
1282 1824 1331 1860 ibi
1362 1826 1512 1863 collocet
1537 1828 1712 1865 moralem
1742 1831 1860 1868 homi·

221 1894 331 1928 nem,
357 1881 418 1917 ubi
446 1893 527 1917 eum
554 1889 645 1917 stare
669 1880 764 1917 velit.
792 1881 848 1917 Ex
874 1884 1108 1931 accuratiori,
1135 1883 1199 1920 sed
1231 1898 1313 1921 cum
1348 1887 1486 1923 assiduo
1518 1888 1638 1924 studio
1665 1891 1860 1939 conjuncta

223 1942 526 1993 contemplatione
562 1951 720 1993 naturae,
751 1944 872 1980 omnia
910 1943 1110 1994 adjumenta
1138 1943 1241 1982 discit
1267 1949 1416 1998 artifex,
1455 1949 1642 1999 quomodo
1668 1951 1859 1991 hominum

221 2005 428 2041 affectiones
452 2017 574 2054 regere
598 2005 730 2054 possit:
757 2006 806 2042 ibi
839 2005 942 2043 discit
977 2020 1094 2044 veram
1122 2008 1211 2044 boni
1238 2018 1272 2045 et
1294 2010 1436 2058 pulchri
1456 2013 1668 2063 essentiam,
1690 2015 1726 2051 in
1755 2018 1857 2052 variis

221 2066 296 2116 ejus
323 2066 467 2103 formis·
494 2067 543 2103 ibi
572 2065 698 2117 discit,
719 2077 857 2105 rectum
887 2069 1002 2107 facere
1026 2083 1126 2105 usum
1159 2071 1320 2107 omnium
1353 2073 1509 2125 virium,
1536 2089 1615 2125 quae
1640 2077 1676 2112 in
1702 2080 1857 2115 extemis

220 2128 333 2166 latent
369 2130 488 2166 rebus.
526 2129 655 2179 Brevi,
684 2140 810 2167 natura
843 2144 926 2168 vera
959 2143 1009 2169 est
1043 2132 1190 2181 schola,
1230 2134 1266 2169 in
1300 2148 1368 2183 qua
1385 2135 1636 2174 fundamenta
1669 2139 1743 2187 ejus
1775 2143 1857 2178 artis

221 2188 357 2226 discere
394 2192 525 2240 possit,
561 2201 596 2227 et
626 2192 686 2227 ubi
726 2193 861 2241 regulas
892 2194 1052 2231 invenire
1090 2192 1219 2230 debeat
1250 2208 1294 2230 ex
1332 2197 1528 2233 imitatione
1567 2200 1748 2237 actionum
1785 2215 1858 2253 ge-

221 2254 404 2290 neralium.

271 2316 326 2352 Ex
353 2316 448 2354 hisce
472 2316 573 2355 dictis
602 2328 721 2369 patet,
747 2332 805 2357 me
828 2333 905 2358 non
930 2334 1009 2357 eum
1032 2319 1068 2355 iis
1089 2319 1225 2369 facere,
1253 2322 1313 2371 qui
1336 2334 1481 2359 omnem
1509 2336 1659 2373 poeseos
1681 2330 1854 2366 rationem
