2078 2790
222 164 242 185 ι
272 150 429 186 citorum
457 146 632 185 Platonis
665 156 702 185 et
729 148 943 186 Aristotelis
971 148 1018 185 de
1049 151 1195 186 ratione
1225 155 1262 185 et
1286 150 1478 198 principiis
1505 154 1601 189 artt's
1623 155 1780 202 poeticce
1802 169 1821 190 ι
1838 180 1850 204 ,

225 211 358 260 quippe
389 220 469 259 quae
498 208 616 246 multis
644 207 864 261 diversisque
900 208 1043 248 dotibus
1069 222 1146 248 sese
1171 208 1426 248 commendans
1441 238 1453 261 ,
1484 212 1616 250 mirum
1637 214 1676 251 in
1702 213 1852 252 modum

225 271 382 308 Platonis
412 280 449 307 et
482 271 683 308 Aristotelis
718 267 877 309 studium
908 272 947 308 in
981 271 1154 321 juvenum
1183 270 1309 310 animis
1337 271 1511 311 excitabit.
1540 273 1685 312 Etenim
1707 276 1854 316 simulac

225 332 347 370 haecce
373 333 520 382 quaestio
534 333 631 369 mihi
659 334 836 382 innotuit,
859 332 1005 370 decrevi
1027 333 1156 370 virium
1175 345 1337 372 mearum
1355 334 1554 384 periculum
1575 333 1716 385 facere,
1739 349 1852 374 eom-

226 393 447 430 mentatione
470 391 516 429 de
534 393 606 429 hoc
629 403 839 445 argumento
865 393 1145 454 conscribenda;
1171 394 1305 451 quippe
1323 394 1385 431 tali
1410 394 1549 433 ferebar
1565 393 1678 434 divini
1695 396 1854 435 Platonis

227 467 374 505 amore,
402 464 442 493 ut
468 467 578 493 nemo
605 455 725 506 magis.
749 445 966 493 Accedebat
987 450 1150 501 alterum
1161 444 1281 503 animi
1293 463 1553 506 momentum,
1574 457 1743 494 nimirum
1773 471 1853 509 spes
1879 470 1881 473 ·

227 517 304 553 sore
331 527 371 553 ut
400 530 480 555 mea
504 517 763 567 qualiacunque
790 517 979 554 conamina
1003 516 1209 553 Clarissimis
1236 515 1414 567 judicibus
1444 529 1521 555 non
1552 529 1698 568 prorsus
1721 518 1850 570 displi-

228 586 372 628 cerent,
393 589 548 629 namque
567 577 655 616 illud
677 577 825 629 quidem
850 578 1071 616 verissimum
1102 587 1179 627 est,
1203 578 1303 628 quod
1322 577 1411 615 dixit
1434 579 1570 616 Cicero.
1598 591 1618 613 s
1643 580 1767 617 Honos
1793 575 1854 617 alit

226 654 246 676 ιι
277 648 388 689 artes,
421 651 617 691 omnesque
648 638 892 678 incenduntur
923 638 971 676 ad
1000 638 1114 677 studia
1142 639 1277 691 gloria,
1305 639 1495 690 jacentque
1527 652 1568 678 ea
1597 652 1739 692 semper
1772 652 1852 691 quoe

227 716 247 738 ι
277 700 374 752 apud
394 714 572 753 quemque
601 712 893 741 contemnuntur.
916 719 936 739 a>
1311 694 1313 696 ’

277 763 362 800 Non
391 762 559 815 equidem
587 763 740 803 diffiteor
767 763 1009 815 difficultates,
1037 764 1165 815 quibus
1195 774 1442 814 argumentum
1475 774 1527 801 est
1566 763 1780 815 impeditum
1809 764 1855 801 ab

229 823 446 862 elaboranda
479 827 673 876 quaestione
707 839 766 864 me
799 826 987 877 saepissime
1015 825 1264 875 abhorruisse3
1290 823 1355 863 sed
1390 826 1591 875 quaestionis
1623 826 1793 875 elegantia
1820 834 1856 863 et

227 887 381 934 gravitas
394 912 406 934 ,
432 899 502 923 nec
534 898 613 923 non
649 887 813 937 cogitatio
844 897 982 936 magna
1015 885 1170 924 utilitatis
1201 898 1309 936 quam
1338 884 1425 927 inde
1455 886 1643 937 percipere
1675 898 1862 937 possem,-

227 944 431 985 identidem
447 948 606 984 animum
626 948 807 985 labantem
825 948 957 996 erexit,
978 947 1175 984 sublevavit
1194 958 1236 983 ac
1252 947 1425 984 sustinuit.
1445 947 1493 975 ἑ-
1508 947 1662 997 Propter
1677 945 1855 998 diversam

228 1020 298 1056 qua
326 1008 426 1045 venit
448 1020 523 1045 vox
551 1010 653 1045 ratio
677 1008 993 1063 significationem,
1018 1005 1082 1045 diu
1107 1005 1236 1044 dubius
1261 1006 1350 1043 haesi
1378 1006 1569 1055 insensu,
1601 1019 1674 1056 quo
1701 1009 1740 1043 in
1764 1012 1857 1057 pro-

228 1069 341 1117 posita
357 1069 592 1120 quoestione,
624 1069 668 1106 sit
700 1068 918 1120 accipienda.
947 1066 1102 1108 Videtur
1126 1077 1244 1105 autem
1277 1067 1341 1117 (ni
1373 1066 1504 1115 fallor)
1533 1069 1655 1116 ratio,
1681 1066 1741 1103 hic
1762 1068 1833 1127 loqj
1841 1072 1863 1118 ,'

229 1141 305 1165 esse
337 1117 434 1166 idem
469 1143 511 1166 ac
533 1131 572 1186 si
607 1139 825 1182 quaereretur
854 1130 901 1168 de
936 1142 1087 1182 poeseos
1116 1131 1293 1179 essentia,
1320 1138 1380 1167 aut
1406 1127 1453 1167 de
1484 1141 1529 1166 eo
1543 1156 1554 1178 ,
1582 1127 1682 1179 quod
1707 1131 1863 1180 ΡιὌΡι-ἰιιΖ

224 1203 381 1239 poeseos
398 1191 524 1246 fons,
558 1193 602 1229 sit
633 1192 853 1230 habendum.
891 1192 1120 1242 Quamquam
1156 1191 1303 1241 quoestio
1328 1190 1420 1228 nihil
1448 1190 1516 1228 nisi
1552 1191 1855 1242 comparationem

228 1251 405 1300 requirit,
409 1262 523 1298 saepe
545 1263 668 1290 tamen
693 1255 843 1291 brevem
872 1254 957 1323 huie
984 1252 1132 1301 adjunxi
1158 1249 1454 1323 explicationem,
1482 1252 1542 1288 hic
1563 1251 1635 1289 illic
1660 1253 1765 1290 etiam
1793 1251 1855 1289 di-

233 1310 499 1361 judicationem.
1296 1315 1305 1329 ³

285 1371 398 1421 Quod
428 1370 476 1408 ad
503 1354 632 1423 scripta
656 1373 704 1410 de
729 1372 891 1411 Platone
911 1382 947 1409 et
968 1373 1169 1410 Aristotele
1200 1373 1323 1411 attinet
1337 1403 1348 1423 ,
1369 1389 1447 1424 quae
1475 1377 1628 1425 plurima
1650 1386 1752 1413 sunt·
1778 1376 1856 1412 haec

235 1435 374 1489 parcius
400 1434 587 1471 consulere
606 1433 703 1482 jussit
724 1442 861 1483 metus,
879 1445 928 1470 ne
953 1444 1079 1470 eorum
1105 1433 1211 1471 lectio
1230 1429 1452 1484 praejudicati
1474 1435 1561 1484 quid
1578 1436 1667 1473 mihi
1679 1435 1856 1486 adferret,

237 1509 381 1548 quare,
394 1494 497 1546 nullo
527 1495 602 1534 fere
631 1487 791 1532 adhibito
820 1495 994 1545 scriptore
1019 1493 1067 1530 ad
1096 1498 1344 1543 argumentum
1369 1494 1595 1537 tractandum
1630 1496 1769 1532 accessi.
1800 1495 1869 1533 Ex·

238 1557 379 1608 optimis
402 1556 543 1608 autem,
562 1564 642 1607 quae
656 1555 749 1594 mihi
769 1555 1004 1604 videbantur,
1026 1552 1227 1592 auctoribus
1244 1556 1406 1605 exempla
1432 1555 1557 1605 collegi
1577 1567 1656 1605 quae
1675 1558 1860 1594 sententiis·

236 1619 327 1656 meis
358 1618 505 1669 pondus
544 1618 858 1677 auctoritatemque
895 1615 1077 1667 (juvenile
1116 1616 1211 1654 enim
1248 1629 1337 1666 opus
1371 1616 1440 1654 hac
1474 1616 1634 1666 indigere
1677 1620 1766 1654 mihi
1804 1629 1856 1655 est

235 1683 467 1730 persuasum)
490 1679 631 1734 addere
657 1680 801 1732 possint.

287 1740 452 1778 Tandem
482 1743 618 1778 absolvi
653 1740 753 1792 quod
786 1741 875 1777 mihi
897 1751 1153 1793 proposueram
1189 1751 1300 1792 opus,
1329 1738 1427 1791 cujus
1461 1740 1595 1779 finctus
1631 1751 1749 1779 vestro
1780 1742 1852 1791 jam

239 1802 374 1864 judicio
390 1799 471 1842 VV.
490 1803 545 1840 Cl.
561 1803 677 1840 trado.
700 1801 823 1840 Credo
840 1787 1007 1853 equidem
1024 1811 1061 1840 et
1084 1801 1291 1853 peritiores,
1307 1810 1344 1840 et
1361 1802 1469 1853 magis
1484 1803 1694 1842 exercitatos
1714 1815 1855 1842 mecum

239 1866 278 1903 in
306 1864 451 1904 arenam
475 1879 548 1904 esse
578 1864 833 1920 descensuros,
862 1864 926 1903 sed
947 1878 1028 1902 cum
1053 1863 1167 1902 laudis
1181 1863 1475 1915 ,diligentiaeque
1499 1866 1689 1915 praemium
1706 1869 1872 1914 sperare*

239 1940 317 1966 non
341 1926 498 1979 possim,
533 1936 664 1977 optare
692 1937 787 1966 certe
812 1926 921 1977 licet,
953 1939 1066 1977 eoque
1096 1926 1225 1976 magis,
1261 1925 1359 1976 quod
1390 1924 1556 1975 confido,
1590 1935 1743 1964 vestram
1778 1926 1853 1961 be-

242 1990 484 2028 nevolentiam
514 2001 604 2026 meae
625 1988 772 2038 juvenili
795 1989 981 2039 imperitiae
1001 1987 1203 2026 humaniter
1231 1988 1371 2026 veniam
1398 1979 1663 2035 essedaturam.
