2078 2790
566 290 624 322 AD
654 287 820 330 QUAEST.
851 264 1018 320 PnlLos.
1050 286 1214 320 THEOR.
1244 286 1302 319 ET
1331 286 1473 320 LITER.
1506 288 1675 321 HUMAN.
1912 294 1933 336 7

311 360 410 401 vario
433 368 668 412 argumento,
713 358 811 398 vario
842 371 925 398 usus
958 366 1011 399 est
1043 357 1135 409 stylo
1156 365 1200 396 ⁴et
1233 355 1505 408 argumentandi
1529 371 1671 408 genere.
1694 358 1843 398 Minime
1864 360 1936 398 hoc

310 432 542 475 respexerunt
573 422 630 460 isti
643 450 656 473 ,
687 434 815 461 verum
847 422 969 461 omnia
996 420 1072 472 ejus
1108 421 1238 472 scripta
1266 432 1311 457 ex
1339 418 1470 460 eodem
1507 419 1795 470 dijudicaverunt
1835 423 1935 475 prin-

310 486 427 536 cipio,
450 484 549 522 unde
578 484 689 534 verba
716 484 863 523 forsitan
877 509 890 534 ,
919 496 997 523 non
1027 495 1113 519 vero
1139 495 1283 526 sensum
1308 491 1493 533 ceperunt.
1517 483 1575 533 (1)
1598 484 1785 535 Ingenium
1815 494 1937 523 autem

310 548 386 596 ejus
420 548 602 597 poeticum
627 555 663 584 et
682 545 963 597 frequentissima
989 546 1095 582 lectio
1118 550 1328 597 poctarum,
1352 545 1485 596 ubique
1509 545 1625 584 elucet
1645 546 1724 596 (2),
1748 555 1782 583 et
1806 547 1936 598 injuste

312 609 461 645 omnino
485 610 514 644 is
541 608 586 644 de
614 608 776 645 Platone
795 606 991 657 judicabit,
1012 608 1075 657 qui
1095 619 1139 645 ex
1159 606 1396 676 peculiaribus
1424 607 1499 656 ejus
1526 608 1637 645 effatis
1651 633 1663 657 ‚
1689 608 1834 659 alicujus
1852 609 1937 646 libri

311 684 452 707 sensum
476 680 512 707 et
532 664 757 719 propositum
779 669 873 707 effici
891 682 995 719 posse
1016 668 1240 716 crediderit·
1263 667 1346 716 sed,
1372 669 1410 704 in
1438 670 1654 718 singularum
1678 671 1936 705 sententiarum

311 728 595 781 dijudicatione,
618 746 726 781 quam
751 732 1008 769 accuratissime
1033 730 1268 781 spectandum
1292 740 1343 766 est
1360 730 1482 779 ‚quid
1510 732 1577 766 sibi
1606 732 1759 767 voluerit
1791 733 1910 769 Plato
1924 759 1935 779 7

311 802 348 830 et
372 807 482 843 quare
500 793 573 843 sic,
594 806 672 830 non
697 806 786 831 vero
808 790 908 830 aliter
934 792 1181 830 enuntiaverit.

359 854 413 891 Ne
441 863 560 892 tamen
588 855 690 905 plura
723 854 881 906 posuisse
909 852 1033 892 videar
1047 881 1059 903 7
1088 866 1194 903 quam
1229 837 1376 902 probari
1410 852 1572 902 possint,
1603 854 1723 902 paucis
1764 855 1932 905 attingam

310 915 427 953 verbis
450 915 528 952 illos
548 916 680 965 libros⁷
701 916 828 967 quibus
854 916 1007 952 maxime
1034 928 1114 951 usus
1135 926 1239 952 sum.
1257 926 1369 964 pauca
1392 912 1500 963 dico,
1524 914 1627 963 plura
1654 915 1750 951 enim
1772 916 1931 954 invenies

309 977 349 1012 in
372 976 590 1026 singulorum
612 977 733 1013 locum
763 977 985 1027 expositione
1006 975 1119 1026 capite
1146 976 1183 1012 ΙΙ
1208 983 1243 1012 et
1266 975 1329 1010 111.

361 1028 436 1086 Qui
463 1037 620 1075 Phaedri
637 1037 921 1076 librumreadem
952 1038 1091 1075 ratione
1117 1036 1293 1086 explicare
1312 1034 1411 1084 vult,
1434 1048 1507 1085 qua·
1518 1037 1776 1086 Protagoram
1796 1037 1934 1087 dijudi-

311 1098 468 1149 caverit,
499 1099 527 1138 is
555 1099 754 1139 necessario
784 1098 996 1138 sententiam
1023 1096 1070 1138 de
1097 1098 1210 1148 poetis
1247 1096 1346 1145 (245
1375 1097 1438 1145 A)
1463 1097 1561 1135 hisce
1593 1098 1779 1135 adversam
1810 1112 1845 1136 et
1868 1103 1934 1137 ini-

311 1159 440 1199 micam
469 1160 726 1212 pronuntiabit.
738 1157 869 1210 Qimo
898 1160 994 1199 enim
1024 1159 1152 1199 obtutu
1174 1158 1387 1197 sententiam
1412 1157 1555 1197 videtur
1580 1159 1713 1198 referre
1726 1189 1737 1209 ‚
1760 1162 1931 1199 insaniam

255 1239 257 1241 ·
311 1222 460 1271 (md-³)
498 1212 741 1259 sublimiorem
753 1220 799 1259 'et
817 1215 1105 1271 ‘praestantiorem
1134 1232 1209 1257 esse
1234 1217 1335 1256 bono
1360 1218 1504 1268 ingenio
1534 1230 1570 1258 et
1593 1218 1731 1258 studio:
1755 1222 1817 1271 qui
1845 1237 1930 1259 vero

308 1281 500 1320 accuratius
524 1294 604 1318 rem
625 1293 802 1330 aggressus
823 1279 928 1317 fuerit
943 1307 954 1329 ,
974 1281 1049 1318 vim
1068 1280 1166 1318 vocis
1185 1285 1271 1325 μιιί.
1292 1282 1427 1331 ceperit
1443 1309 1455 1330 ,
1475 1291 1510 1318 et
1536 1282 1714 1331 integrum
1732 1282 1932 1319 Phoedrum

307 1344 450 1393 poetico
470 1354 521 1378 ac>
539 1341 803 1393 dithyrambico
830 1340 942 1376 modo
967 1353 1042 1377 esse
1071 1342 1311 1392 compositum
1333 1342 1569 1392 intellexerit,
1598 1342 1626 1378 is
1648 1342 1747 1380 facile
1771 1342 1931 1393 videbit,

307 1401 450 1443 huncce
483 1403 604 1443 locum
636 1402 726 1442 nihil
761 1403 799 1440 in
828 1411 1016 1453 poetarum
1047 1400 1302 1441 detrimentum
1320 1431 1332 1453 ‚
1358 1402 1424 1442 sed
1448 1417 1614 1455 magnam
1651 1406 1768 1455 potius
1805 1418 1930 1442 eorum

308 1464 451 1504 laudem
487 1465 699 1516 continere,
733 1465 786 1502 uti
810 1475 876 1502 suo
900 1464 992 1502 loco
1005 1463 1160 1516 probare
1187 1465 1356 1503 conabor.

355 1527 416 1565 De
441 1528 589 1578 Gorgia
614 1526 741 1564 eadem
765 1524 847 1564 fere
861 1519 944 1565 sunt
965 1523 1129 1563 dicenda.
1159 1526 1225 1563 Hic
1247 1528 1345 1564 enim
1365 1526 1456 1566 liber
1477 1541 1496 1564 a
1524 1526 1687 1566 Platone
1708 1536 1761 1565 est
1783 1539 1934 1580 compo—

306 1591 411 1639 situs,
436 1598 476 1625 ut
495 1588 777 1639 indignationem
801 1572 925 1624 contra
945 1587 1182 1638 sophistarum
1204 1597 1295 1624 artes
1315 1598 1350 1624 et
1370 1586 1592 1629 adulationes
1613 1589 1780 1624 omnibus
1804 1599 1930 1628 notam

306 1651 463 1699 facerett,
492 1651 531 1686 in
556 1649 843 1687 nonnullis-locis
868 1648 974 1686 valde
997 1660 1049 1686 est
1077 1650 1250 1685 animatus
1273 1659 1309 1685 et
1332 1662 1410 1686 non
1428 1649 1540 1686 semel
1565 1648 1819 1687 moderationis
1841 1653 1930 1689 fines

306 1723 463 1761 egressus
474 1738 485 1760 ,
499 1709 597 1748 unde
617 1710 765 1760 injustus
781 1710 855 1746 fere
868 1709 1052 1745 interdum
1064 1709 1180 1746 videri
1197 1718 1325 1760 potest.
1347 1711 1421 1746 Nisi
1437 1710 1517 1745 haec
1534 1708 1662 1746 sedulo
1675 1712 1906 1762 exquirantur
1916 1741 1928 1762 ⁷

306 1772 446 1810 nullum
468 1784 610 1823 aequum
633 1770 680 1808 de
705 1771 928 1811 accusatione
950 1779 1135 1821 poetarum
1159 1769 1332 1820 judicium
1350 1770 1435 1808 ferri
1456 1779 1584 1821 potest.

347 1893 392 1936 (1)
413 1892 499 1923 Conf.
521 1891 797 1922 Schzeinnaehenw
814 1892 849 1921 in
868 1890 984 1932 praefat.
1002 1890 1082 1920 inter
1102 1888 1178 1919 alia:
1201 1889 1292 1920 Denn
1315 1891 1393 1921 auch
1413 1891 1465 1922 das
1486 1891 1525 1922 ist
1542 1892 1621 1922 heim
1642 1891 1728 1924 Plato
1750 1894 1848 1926 zumal
1858 1919 1868 1936 ,
1884 1897 1932 1927 fiir

306 1947 356 1980 ein
372 1945 539 1991 gssnzliches
552 1943 768 1977 ffisverstehen
786 1955 823 1976 zu
843 1943 994 1984 reclinen,
1013 1955 1106 1977 wenn
1123 1947 1215 1975 etwas
1235 1955 1297 1975 nur
1316 1941 1390 1976 halb
1412 1944 1591 1977 verstanden
1611 1946 1706 1985 wird,
1727 1948 1863 1979 weilwo
1882 1951 1932 1980 die

305 1999 508 2040 Verbindung
527 1998 581 2029 der
599 1993 704 2029 Theile
727 1996 985 2037 antei-einander,
1003 1996 1069 2027 und
1091 1995 1137 2026 ihr
1157 1995 1344 2029 Verhiiltniss
1361 2009 1429 2029 zum
1446 1997 1570 2030 Ganzen
1588 1998 1719 2031 versehlt
1738 2001 1834 2041 wird‚
1851 2002 1930 2034 auch

301 2054 370 2094 jede
390 2053 519 2093 richtige
539 2052 677 2083 Einsicht
697 2052 732 2081 in
750 2051 804 2081 das
824 2051 960 2081 einzelne
970 2075 980 2089 ,
1000 2051 1067 2081 und
1082 2050 1163 2092 jedes
1185 2051 1366 2091 griindliche
1381 2052 1548 2082 Verstehen
1568 2053 1748 2095 unmoglich
1769 2055 1857 2085 wird.

346 2106 392 2148 (α)
417 2119 433 2135 (ι
453 2107 559 2148 ltaque
579 2106 685 2144 video,
705 2106 802 2136 visum
827 2116 886 2135 esse
906 2105 1086 2143 nonnullis,
1102 2103 1235 2135 Platonis
1255 2110 1285 2134 et
1306 2105 1470 2135 Democriti
1495 2106 1702 2146 leontinum,
1723 2109 1777 2138 etsi
1801 2107 1879 2138 absit
1909 2120 1927 2138 a

305 2172 321 2188 ι)
345 2170 452 2198 versu,
481 2164 584 2189 tamen
597 2181 606 2197 ,
627 2158 710 2200 quod
731 2157 885 2188 incitatius
906 2157 1038 2196 seratur,
1059 2162 1089 2187 et
1108 2155 1276 2187 clarissimis
1296 2153 1475 2188 verborum¹
1489 2158 1658 2189 luminibus
1679 2165 1803 2198 utatur,
1828 2162 1929 2202 potius

305 2226 321 2241 n
345 2225 452 2254 poema
472 2213 644 2255 putandum
655 2237 664 2251 ,
678 2223 770 2254 quam
790 2212 975 2242 comicorum
996 2217 1149 2253 poetarum
1159 2223 1168 2250 5
1191 2211 1273 2253 apud
1292 2222 1383 2252 quos,
1399 2213 1458 2242 nisi
1479 2213 1562 2254 quod
1578 2213 1714 2243 versiculi
1737 2219 1809 2243 sunt
1821 2237 1831 2252 ,
1846 2215 1929 2245 nihil

306 2279 321 2296 n
347 2273 390 2298 est
409 2268 492 2298 aliud
508 2267 678 2310 quotidiani
692 2266 833 2298 dissimile
848 2267 1007 2298 sermonis:
1023 2279 1039 2296 »
1055 2266 1167 2303 Cicero,
1191 2266 1300 2297 Orator
1315 2278 1382 2308 cap.
1402 2278 1452 2298 ao,
1472 2266 1557 2297 Conf.
1575 2268 1667 2297 Dion.
1685 2268 1851 2299 Edit-am.
1873 2269 1926 2299 lib.

306 2319 366 2362 mp}
385 2320 518 2354 emolu-ue
539 2321 672 2361 ὀιομένη
690 2326 721 2352 et
741 2322 963 2362 Hermogenes,
978 2321 1015 2352 de
1024 2321 1115 2363 firm.
1132 2325 1207 2350 orat.
1223 2318 1276 2350 lib.
1299 2319 1337 2350 11.
