2078 2790
209 283 264 320 (52
702 290 728 318 1.
758 287 894 319 BUSCH
925 286 1082 318 KEISER
1114 287 1353 322 RESPONSIO

209 364 307 402 suavi
326 375 469 399 usuram
496 375 571 400 esse
602 371 709 412 poeta
733 371 768 399 et
788 362 935 403 „om-¹7·-
958 360 1111 397 utilitatis
1140 361 1251 410 gratia
1265 389 1276 410 ,
1294 363 1364 412 ‘qui
1387 362 1528 399 honesti
1553 362 1620 399 viri
1645 363 1845 401 orationem

211 426 387 476 exprimat
401 451 414 475 ,
450 424 685 475 religioseque
716 420 915 460 indicendo
942 430 1110 471 sequatur
1135 434 1191 459 eas
1206 449 1218 472 ,
1244 434 1326 472 quae
1351 421 1398 461 de
1431 421 1556 461 divina
1587 432 1712 462 natura
1740 437 1846 476 supra

208 497 326 527 essent
351 486 540 536 descriptae
557 514 568 536 ,
607 485 786 522 formulas.

255 550 319 587 His
345 549 421 587 fere
447 561 585 585 summa
608 547 812 584 continetur
832 559 959 584 eorum
978 574 989 596 7
1010 559 1091 597 quae
1110 548 1148 584 in
1168 548 1390 600 principibus
1417 547 1615 585 carminum
1642 548 1845 586 auctoribus

209 628 228 650 a
254 622 358 664 parte
387 610 513 648 morali
540 609 656 647 Plato
677 608 925 660 reprehendit.

258 675 400 714 Verum
425 672 612 710 enimvero
633 670 701 721 ipsi
728 683 807 708 non
840 672 919 708 satis
948 669 1092 710 videtur
1106 700 1117 722 ,
1147 671 1282 722 singula
1321 672 1622 712 nobilissimorum
1647 682 1841 724 ,poetarum

205 738 286 774 loca
302 761 315 785 ,
342 734 405 771 ubi
434 733 642 771 inhonestas
664 731 713 771 de
738 731 805 772 diis
826 733 959 771 fabulas
984 743 1018 772 et
1046 746 1211 785 perversa
1238 732 1285 772 de
1308 735 1381 773 vita
1401 734 1594 773 hominum
1628 745 1833 774 commenta

206 794 489 848 deprehendisse
506 795 574 832 sibi
594 793 777 834 videretur
792 822 804 845 ,
825 796 1017 846 castigasse.
1039 796 1089 832 Ut
1114 794 1262 833 decreto
1283 809 1350 834 suo
1371 798 1411 834 in
1431 796 1640 848 republica,
1665 798 1844 848 sapienter

203 860 382 908 instituta,
403 866 592 909 poetarum
610 857 790 894 licentiam
809 857 913 896 certis
938 858 1070 896 finibus
1096 857 1460 897 circumscribendam
1480 872 1569 910 esse,
1593 857 1730 896 aditum
1749 859 1841 897 finci-

202 922 333 958 liorem
365 918 413 956 ad
446 919 620 957 lectorum
660 918 799 956 animos
831 917 1020 968 patefaciat
1034 947 1046 970 ,
1083 929 1188 971 atque
1220 919 1313 959 adeo
1351 921 1506 960 nimium
1538 920 1727 972 aequalium
1759 933 1842 971 erga

202 992 327 1034 poetas
349 982 515 1026 ‚savorem
529 1007 541 1029 ,
560 980 790 1031 principibus·
802 980 873 1018 suis
889 980 1047 1019 consiliis.
1054 982 1258 1021 obstantem
1272 1011 1284 1033 ,
1299 992 1469 1022 extenuet
1488 996 1530 1021 ac
1547 982 1750 1034 deprimat:
1769 983 1843 1033 jam

203 1045 326 1096 plures
347 1044 450 1080 affert
471 1042 628 1081 rationes
642 1068 655 1091 ,
677 1041 804 1092 qubus
830 1041 1003 1080 efficiatur
1018 1070 1030 1093 ,
1056 1053 1097 1081 ut
1124 1046 1300 1083 universae
1322 1047 1484 1095 {poeseos
1507 1045 1650 1096 insignis
1673 1043 1841 1096 quaedam

202 1120 285 1158 pars
298 1134 311 1156 ,
337 1107 457 1143 omnis
484 1103 619 1141 scilicet
645 1105 764 1154 poesis
791 1107 954 1147 μιμηταὶ,
976 1104 1024 1142 ad
1049 1120 1158 1156 quam
1193 1106 1390 1144 dramatica.
1416 1108 1575 1145 carmina
1609 1116 1711 1157 tota,
1743 1108 1843 1158 epica

202 1181 369 1220 magnam
396 1175 536 1218 partem
560 1165 785 1216 referuntur,
807 1179 873 1217 per
901 1168 1015 1216 ipsam
1041 1176 1207 1204 naturam
1231 1176 1338 1218 atque
1374 1167 1536 1206 indolem
1572 1180 1673 1205 suam
1705 1169 1828 1219 inepta

202 1239 393 1282 appareat,
416 1238 494 1266 tum
522 1226 569 1264 ad
597 1241 716 1265 mores
735 1227 945 1266 formandos
959 1255 971 1277 ,
991 1237 1069 1265 tum
1089 1227 1136 1265 ad
1164 1242 1286 1266 veram
1310 1228 1515 1267 doctrinam
1538 1227 1764 1267 tradendam.

250 1291 420 1329 Alterum
445 1288 501 1326 ad
520 1301 640 1327 mores
646 1289 885 1340 formandos
905 1302 973 1340 per
992 1302 1098 1328 suam
1116 1290 1278 1329 indolem
1302 1304 1350 1330 ac
1375 1299 1551 1330 naturam
1566 1304 1644 1330 non
1667 1290 1841 1331 idoneam

200 1367 277 1393 esse
294 1355 428 1403 poesin
448 1369 622 1395 popm-mr,
645 1352 765 1390 Plato
785 1352 884 1388 hunc
910 1353 948 1388 in
971 1351 1123 1389 modum
1148 1352 1387 1391 demonstrat:
1411 1352 1618 1403 videamus,
1640 1354 1779 1405 inquit,
1801 1355 1841 1392 in

201 1428 357 1469 quanam
386 1414 497 1453 animi
519 1423 619 1465 parte
640 1415 757 1465 poesis
776 1419 921 1460 μιμητική
939 1424 1102 1453 versetur
1122 1424 1159 1453 et
1185 1424 1304 1452 utrum
1326 1414 1484 1453 deterior
1508 1415 1587 1453 haec
1605 1429 1686 1467 pars
1696 1417 1747 1467 pit
1760 1444 1772 1466 ,
1794 1430 1840 1454 an

203 1477 428 1531 praestantior
452 1477 523 1527 (1).

250 1543 372 1581 Poesis
392 1543 534 1584 pauonum}
553 1541 710 1578 imitatur
734 1542 899 1580 homines
914 1569 926 1591 ,
952 1550 1013 1579 aut
1034 1541 1072 1579 vi
1101 1549 1160 1578 aut
1183 1549 1315 1591 sponte
1336 1550 1479 1591 agentes
1493 1568 1505 1591 ,
1527 1540 1839 1593 existimantesque

200 1618 244 1642 ex
267 1605 466 1642 actionibus
491 1605 548 1641 vel
568 1605 656 1641 boni
674 1603 741 1640 sibi
757 1604 817 1641 vel
836 1604 919 1640 mali
940 1612 1107 1641 exortum
1131 1615 1229 1652 esse,
1253 1602 1407 1653 ideoque
1427 1603 1489 1641 vel
1513 1601 1642 1641 dolore
1663 1603 1837 1653 afflictos,

201 1668 258 1706 vel
285 1667 404 1705 laetitia
429 1666 643 1704 exsultantes
664 1667 781 1717 pingit
797 1666 965 1704 homines
987 1667 1056 1715 (2).

249 1731 372 1780 Atque
401 1730 440 1765 in
471 1726 649 1778 ejusmodi
673 1728 871 1765 actionibus
908 1729 1046 1765 animus
1075 1727 1232 1763 hominis
1257 1739 1378 1764 secum
1403 1727 1479 1777 ipse
1505 1725 1689 1777 dissentit,
1719 1728 1835 1767 multis

241 1862 288 1903 (ι)
309 1860 408 1892 'Ama‘
430 1860 477 1891 καὶ
503 1860 545 1890 ἐπ’
565 1859 635 1892 idn*
657 1858 691 1891 ἦν
712 1859 831 1899 ἕλοιμεν
848 1862 899 1895 ni}
920 1858 1043 1891 διανοίας
1062 1859 1159 1896 rofi-0,
1182 1855 1205 1898 ᾆ
1223 1857 1385 1899 'fesolani‘
1406 1859 1424 1893 η’
1447 1860 1497 1892 rui}
1519 1857 1651 1894 ructio-un·
1671 1860 1816 1900 μιμηταί
1827 1885 1835 1901 ,

198 1917 246 1949 nal
267 1916 370 1957 ἴδωμι)
384 1940 392 1955 ,
409 1918 512 1955 φιιῖλοι
536 1915 552 1951 ὅ
574 1914 724 1947 noadaia&
748 1917 809 1949 ι’ςιι.
830 1914 892 1946 Pol·
912 1912 960 1953 X,
973 1913 1036 1946 603
1059 1912 1097 1947 C.
1114 1912 1275 1953 Cffihem,
1294 1923 1349 1944 cur
1363 1911 1481 1945 duobus
1504 1912 1578 1946 locis
1598 1913 1722 1947 diversis
1743 1926 1836 1958 quaes.

197 1974 314 2004 tionem
334 1972 373 2003 de
395 1972 491 2013 poetis
512 1972 610 2002 Plato
631 1971 825 2008 tractaverit,
849 1970 965 2011 partim
984 1967 1054 1999 libr.
1076 1967 1107 1998 Π
1132 1972 1162 1998 et
1184 1967 1247 2007 111,
1267 1968 1381 2009 partim
1404 1967 1475 1999 libr.
1495 1969 1530 2000 X
1542 1991 1553 2008 ,
1570 1969 1634 2011 ipse
1654 1968 1837 2010 significavit

197 2026 251 2057 lib.
271 2025 303 2057 X
326 2024 388 2067 595
409 2026 444 2056 Δ.
465 2024 573 2057 nan-85
592 2023 647 2065 γᾶρ
672 2025 784 2064 piam
809 2025 839 2056 ω’
857 2021 1042 2066 typhus-ui
1064 2025 1121 2061 νῦ,
1139 2021 1187 2053 sul
1203 2021 1406 2064 (myria-rapu,
1425 2025 1461 2057 aie
1484 2022 1547 2062 o'pul
1567 2022 1645 2055 aaa
1657 2023 1837 2064 ,φαίην-ιι,

196 2079 296 2114 iau-uh*
315 2079 400 2120 χωρὶς
425 2077 512 2111 fuam
534 2077 662 2121 διείρηται
684 2078 723 2109 ταὶ
741 2081 793 2113 ri}
814 2077 917 2117 ψυχιῖς
936 2077 1007 2113 ⁸⁶qu.
1029 2076 1151 2110 Scilicet
1177 2087 1262 2108 nunc
1284 2076 1429 2117 demum,
1456 2087 1560 2120 quum·
1582 2078 1679 2109 animi
1705 2077 1836 2110 humani

198 2140 296 2176 partes
315 2133 392 2174 (lib.
415 2133 498 2175 IV),
521 2132 724 2174 cupiditatum
743 2144 853 2175 genera
877 2131 953 2175 (lib.
975 2131 1044 2175 IX)
1066 2136 1097 2163 et
1116 2131 1232 2163 sincera
1252 2132 1391 2175 voluptas
1410 2131 1450 2163 ab
1471 2131 1652 2164 adulterinis
1674 2131 1835 2173 generibus

196 2189 346 2219 distinctae
366 2193 478 2219 essent:
499 2198 568 2230 quae
588 2186 687 2218 adhuc
705 2187 743 2218 de
764 2188 846 2230 poesi
865 2186 994 2218 dicenda
1009 2191 1100 2219 erant
1115 2186 1185 2219 satis
1199 2186 1278 2219 clare
1297 2186 1430 2229 intelligi
1452 2190 1605 2229 poterant.
1624 2185 1708 2219 Adeo
1729 2197 1835 2219 verum

196 2249 260 2282 est,
280 2243 363 2286 quod
375 2244 411 2274 in
423 2242 600 2285 praefatione
613 2242 652 2273 ad
674 2242 895 2285 rempublicam
915 2242 997 2274 dixit
1019 2243 1250 2284 morguam,
1270 2242 1328 2275 sub
1343 2241 1530 2274 confusionis
1550 2240 1708 2284 mjundam
1736 2244 1833 2286 specie

195 2298 230 2328 in
249 2296 304 2329 lib.
323 2297 361 2329 de
384 2297 503 2340 republ.
524 2297 665 2330 ordinem
687 2297 956 2340 exquisitissimum
975 2297 1079 2331 latere.

238 2352 286 2394 (α)
308 2351 369 2383 Pol.
391 2350 435 2392 X,
461 2351 534 2393 604.
555 2353 586 2384 C.
