2078 2790
218 240 281 282 66
719 253 747 283 1.
777 251 915 284 nuscn
947 249 1104 283 xmsm
1134 250 1371 284 RESPONS10

272 321 386 359 Plato
413 322 539 372 igitur,
569 322 628 360 vel
651 320 849 361 secundum
873 334 915 359 ea
934 348 946 370 ,
982 334 1063 371 quoe
1092 321 1132 357 in
1161 322 1317 372 politicis
1351 320 1519 373 operibus
1558 321 1745 374 disseruit,
1778 338 1856 364 non

223 382 373 420 omnino
395 382 436 420 in
462 391 651 420 contemtu
682 381 846 420 hahuisse
870 382 1020 433 poesin,
1049 395 1171 434 neque
1198 394 1280 420 eam
1302 384 1472 435 agrestius
1506 383 1703 448 respuisse,
1729 386 1856 425 existi—

220 443 375 482 mandus
400 454 464 483 est.
486 446 546 482 Sic
566 445 711 496 potius,
740 453 783 481 ιιι
806 444 1010 484 summatim
1043 443 1185 494 dicam,
1213 443 1260 483 de
1291 445 1366 496 ejus
1388 447 1480 484 circa
1513 447 1641 497 poesin
1669 461 1710 485 nc
1733 457 1858 498 poetas

218 504 356 556 judicio
391 504 622 544 stameudum
642 514 704 543 est.
740 505 902 546 Primum
931 505 1051 556 ratio,
1080 516 1188 558 quam
1208 505 1359 557 habuit,
1391 507 1499 545 astatis
1529 520 1623 558 suae,
1652 521 1722 559 qua
1748 509 1857 547 nimia

219 581 373 619 poeseos
401 569 591 620 omnisque
620 568 703 605 artis
724 568 869 606 musicas
887 568 1029 606 licentia
1053 569 1141 619 (1),
1163 568 1272 620 vulgo
1294 582 1445 620 regnare
1472 569 1708 621 mosibusque
1730 572 1859 622 perni-

221 630 316 667 ciosa
333 630 411 668 fieri
433 631 500 681 ipsi
526 628 737 679 videbatur,
751 629 893 680 effecit,
916 639 957 667 ut
978 642 1088 680 quam
1106 630 1262 668 maxime
1281 630 1392 681 iund,
1413 631 1546 682 ulique
1573 641 1714 682 urgeret
1731 633 1858 682 poesin

220 693 259 729 in
283 693 425 729 civitate
447 692 541 728 bene
570 689 788 728 instituenda
810 691 1020 742 legislationi
1046 692 1174 729 morali
1197 692 1309 742 plane
1339 706 1415 730 esse
1439 691 1725 743 subjiciendam,
1753 702 1859 744 atque

219 751 313 790 adeo
345 751 394 789 ad
424 764 539 790 unum
564 763 707 789 morum
741 750 1055 790 emendandorum
1081 753 1192 793 finem
1214 752 1512 805 -semperandm3
1540 752 1601 805 id,
1628 753 1730 806 quod
1752 764 1858 806 caput

219 824 273 851 est
309 826 461 864 eorum,
492 826 575 864 quae
615 814 858 864 copiosissime
899 815 937 851 in
971 814 1071 851 libris
1103 812 1150 852 de
1183 814 1371 865 republica
1400 824 1437 853 et
1464 814 1511 854 de
1547 814 1689 865 legibus
1721 817 1780 864 (2)
1812 815 1858 854 de

219 875 279 913 illa
304 888 347 913 re
372 874 577 927 disputavit.

269 936 483 975 Accedebat
499 935 596 974 aliud
617 935 704 988 quid
717 963 741 985 ,.
755 949 820 973 cur
840 949 1011 988 poeseos,
1029 947 1066 975 et
1092 936 1240 988 quidem
1258 956 1416 982 pannum
1432 938 1593 989 inprimis
1613 939 1859 978 auctoritatem

220 999 414 1051 infringere
437 999 530 1038 adeo
559 997 806 1037 contenderet.
838 999 980 1038 Scilicet
1000 999 1228 1051 philosophia
1246 1012 1379 1052 parum
1401 998 1525 1039 adhuc
1555 999 1694 1039 facilem
1724 999 1860 1043 aditum

222 1061 269 1099 ad
288 1062 480 1099 hominum
506 1061 645 1102 animos
662 1062 847 1099 invenerat
859 1090 870 1110 .‚
893 1063 1084 1113 opiniones
1105 1060 1347 1112 poaejudicatae
1367 1062 1570 1101 obstabant.
1588 1062 1712 1102 Poesis
1736 1072 1861 1100 contra

219 1124 385 1175 populari
409 1123 521 1174 gratia
541 1123 698 1160 maxime
718 1123 892 1172 florebat3
912 1123 1129 1159 carminibus
1141 1149 1154 1171 ,
1170 1132 1210 1159 ut
1231 1122 1460 1171 iustitutionis
1482 1132 1589 1173 utque
1612 1124 1862 1165 oblectationis

219 1186 405 1236 fontibus,
429 1194 465 1222 et
490 1184 740 1235 antiquissimis
773 1192 810 1220 et
841 1182 1052 1233 uberrimis,
1081 1182 1172 1219 nihil
1198 1191 1274 1219 erat
1300 1176 1492 1221 illustrius:
1523 1196 1597 1233 quo
1622 1185 1732 1234 magis
1756 1186 1862 1235 igitur

219 1248 460 1299 philosophiae
491 1245 602 1284 decus
634 1245 806 1282 extollere
833 1244 979 1295 ejusque
1002 1244 1243 1295 praestautian
1270 1244 1309 1281 in
1342 1243 1532 1283 clarissima
1554 1245 1634 1283 luce
1664 1246 1860 1301 aequalibus

222 1307 416 1359 ostendere
436 1310 632 1356 niteretur,
663 1318 708 1343 eo
727 1304 916 1342 studiosius
941 1305 1017 1355 ejus
1034 1305 1117 1343 attis
1130 1332 1142 1355 ,
1168 1317 1249 1355 quoe
1265 1304 1355 1344 iuius
1375 1305 1503 1345 aemula
1522 1315 1601 1345 erat
1624 1315 1660 1344 et
1675 1305 1862 1359 quodam-

221 1370 336 1409 modo
367 1370 511 1407 inimica
544 1368 627 1418 (3),
654 1367 772 1404 honos
807 1366 1090 1417 deprimendus,
1122 1368 1269 1406 virtutes
1297 1367 1338 1405 iu
1367 1366 1522 1405 obscuro
1554 1366 1776 1409 collocandae
1798 1371 1862 1407 vi·-

224 1430 538 1470 debantur.1·linc
565 1431 603 1467 in
626 1432 750 1467 nostri
769 1429 908 1478 scriptis
937 1428 1072 1465 crebrae
1095 1428 1165 1465 illae
1194 1426 1418 1465 laudationes
1445 1428 1710 1480 philosophiae,
1733 1431 1862 1481 eopio-

222 1507 332 1545 saque
349 1491 616 1531 commendatio
634 1490 825 1540 d1gmtat1s,
835 1502 906 1540 qua
926 1502 1012 1529 vera
1024 1489 1253 1540 philosophie
1268 1489 1472 1540 excelleret,
1485 1499 1524 1530 ut
1542 1491 1622 1530 Pol.
1642 1492 1690 1540 V,
1703 1492 1861 1541 V1„V11.

224 1556 320 1593 Hinc
340 1568 486 1606 quoque
506 1554 712 1604 frequentes
728 1563 878 1602 poeseos
899 1551 1226 1602 reprehensiones,
1242 1550 1497 1620 uberioresque
1513 1551 1560 1589 de
1576 1552 1710 1590 vilitate
1725 1565 1863 1603 magnae

227 1630 380 1668 operum
404 1617 629 1668 poeticorum
649 1614 758 1665 partis
773 1612 1111 1650 demonstrationes.
1125 1611 1280 1662 Quodsi
1300 1610 1451 1652 modum
1465 1613 1586 1653 ,Plato
1602 1615 1774 1665 excessit,
1785 1628 1864 1653 non

226 1680 345 1716 minus
372 1679 411 1715 in
433 1676 663 1729 philosophia
698 1673 928 1726 praedicanda
957 1684 993 1712 et
1026 1673 1338 1723 commendanda,
1372 1687 1480 1724 quam
1516 1675 1554 1711 in
1579 1676 1680 1725 poesi
1714 1677 1864 1727 vitupe-

227 1740 344 1778 randa
376 1749 413 1777 et
448 1736 712 1790 deprimenda,
750 1736 881 1775 erravit
917 1748 1002 1773 sane
1038 1734 1104 1771 sed
1136 1747 1215 1772 non
1248 1735 1317 1783 ita,
1353 1743 1393 1771 ut
1426 1735 1626 1785 cuicunque
1652 1735 1864 1800 singularem

228 1803 338 1841 aetstis
358 1802 450 1839 illius
475 1799 722 1839 conditionem
753 1798 942 1850 respiciat,
966 1810 1047 1835 non
1075 1794 1338 1834 condonandus
1373 1794 1535 1837 videatur
1575 1797 1635 1836 ille
1663 1810 1766 1835 error
1791 1799 1862 1848 (4).

276 1865 401 1914 Itaque
428 1862 615 1907 consilium
636 1861 868 1912 philosophi,
894 1869 934 1897 ut
956 1861 995 1897 in
1018 1858 1186 1897 omnibus
1211 1857 1286 1896 sere
1305 1857 1384 1907 ejus
1402 1856 1615 1909 paradoxis,
1644 1859 1695 1897 sic
1722 1860 1762 1899 in
1783 1861 1863 1910 ipso

229 1926 377 1964 decreto
403 1924 451 1963 de
473 1926 593 1976 poetis
619 1937 661 1961 ac
680 1922 781 1974 poesi
801 1920 1026 1959 laudabimus
1042 1948 1054 1971 ,
1075 1920 1171 1957 uitro
1191 1920 1297 1959 etiam
1320 1920 1603 1971 confitebimur,
1622 1934 1709 1961 eum
1734 1935 1864 1962 emen-

287 2050 305 2070 ι.
339 2037 404 2069 Pet.
419 2039 472 2069 IV.

271 2039 318 2137 {a}
339 2094 384 2124 De
398 2093 456 2134 leg.
476 2092 525 2130 11,
546 2091 590 2121 111
614 2102 674 2134 7⁰⁰
690 2091 792 2132 A-701
816 2089 848 2119 C.
868 2086 1002 2119 V11801
1021 2087 1047 2117 A
1067 2084 1129 2116 802
1145 2085 1185 2123 D,
1201 2084 1262 2116 810
1283 2084 1384 2117 B-811
1409 2082 1448 2124 E,
1469 2084 1532 2119 816
1551 2085 1588 2119 D.
1611 2084 1636 2115 E
1652 2084 1712 2127 817
1734 2087 1804 2116 A-D
1819 2087 1864 2120 XI

227 2148 290 2191 935
309 2148 371 2179 DE.

272 2202 318 2245 (3)
333 2202 395 2233 Pol.
418 2200 448 2232 X
465 2200 526 2242 607
545 2200 573 2230 D
593 2197 674 2230 conf.
685 2198 754 2238 Leg-
768 2196 828 2227 XII
840 2195 904 2239 967
921 2195 951 2226 C.
970 2195 1008 2226 D.

276 2257 321 2299 (4)
336 2257 569 2297 Nonnunquam
588 2262 717 2294 magnus
736 2250 844 2292 aliquis
866 2249 1051 2291 opinionum
1073 2246 1167 2277 eutis
1188 2256 1245 2276 suae
1260 2246 1441 2277 reformater
1453 2269 1462 2285 ,
1487 2255 1551 2287 quo
1563 2246 1674 2277 cenius
1694 2247 1734 2277 ad
1753 2258 1865 2280 novam

233 2313 404 2344 doctrinam
433 2319 632 2351 aequaevorum
666 2306 781 2337 animos
810 2304 966 2343 advertat,
1001 2313 1056 2345 per
1084 2301 1259 2334 severiorem
1288 2302 1352 2344 ejus
1379 2300 1534 2333 tradendae
1567 2301 1716 2333 rationem
1750 2302 1866 2336 efficere
