<?xml version="1.0" encoding="UTF-8"?>
<!DOCTYPE html PUBLIC "-//W3C//DTD XHTML 1.0 Transitional//EN"
    "http://www.w3.org/TR/xhtml1/DTD/xhtml1-transitional.dtd">
<html xmlns="http://www.w3.org/1999/xhtml" xml:lang="en" lang="en">
 <head>
  <title>
</title>
<meta http-equiv="Content-Type" content="text/html;charset=utf-8" />
  <meta name='ocr-system' content='tesseract 3.04.00' />
  <meta name='ocr-capabilities' content='ocr_page ocr_carea ocr_par ocr_line ocrx_word'/>
</head>
<body>
  <div class='ocr_page' id='page_1' title='image "./4630580_0046.png"; bbox 0 0 2078 2790; ppageno 0'>
   <div class='ocr_carea' id='block_1_1' title="bbox 238 304 1376 346">
    <p class='ocr_par' dir='ltr' id='par_1_1' title="bbox 238 304 1376 346">
     <span class='ocr_line' id='line_1_1' title="bbox 238 304 1376 346; baseline -0.001 0"><span class='ocrx_word' id='word_1_1' title='bbox 238 304 290 346; x_wconf 69' lang='lat' dir='ltr'>3ss</span> <span class='ocrx_word' id='word_1_2' title='bbox 730 315 757 343; x_wconf 84' lang='lat'>1.</span> <span class='ocrx_word' id='word_1_3' title='bbox 791 311 928 344; x_wconf 75' lang='lat' dir='ltr'>nosen</span> <span class='ocrx_word' id='word_1_4' title='bbox 955 310 1112 343; x_wconf 74' lang='lat' dir='ltr'>KEISER</span> <span class='ocrx_word' id='word_1_5' title='bbox 1139 310 1376 345; x_wconf 72' lang='lat' dir='ltr'>REsroNfflo</span> 
     </span>
    </p>
   </div>
   <div class='ocr_carea' id='block_1_2' title="bbox 227 383 1878 1490">
    <p class='ocr_par' dir='ltr' id='par_1_2' title="bbox 227 383 1878 1058">
     <span class='ocr_line' id='line_1_2' title="bbox 227 383 1877 436; baseline 0.001 -20"><span class='ocrx_word' id='word_1_6' title='bbox 227 394 285 424; x_wconf 70' lang='lat' dir='ltr'>‘&#39;5ss</span> <span class='ocrx_word' id='word_1_7' title='bbox 303 389 319 425; x_wconf 65' lang='grc' dir='ltr'>,ἵ</span> <span class='ocrx_word' id='word_1_8' title='bbox 332 390 459 427; x_wconf 67' lang='grc' dir='ltr'>μανικῗυ·</span> <span class='ocrx_word' id='word_1_9' title='bbox 471 387 570 420; x_wconf 62' lang='grc' dir='ltr'>τούτων</span> <span class='ocrx_word' id='word_1_10' title='bbox 585 386 641 429; x_wconf 62' lang='grc' dir='ltr'>γάρ</span> <span class='ocrx_word' id='word_1_11' title='bbox 655 389 679 419; x_wconf 76' lang='grc' dir='ltr'>οἱ</span> <span class='ocrx_word' id='word_1_12' title='bbox 694 387 744 427; x_wconf 61' lang='grc' dir='ltr'>μὶν</span> <span class='ocrx_word' id='word_1_13' title='bbox 760 388 907 425; x_wconf 50' lang='lat' dir='ltr'>«gu-Meu,</span> <span class='ocrx_word' id='word_1_14' title='bbox 927 388 950 418; x_wconf 81' lang='lat' dir='ltr'>oi</span> <span class='ocrx_word' id='word_1_15' title='bbox 963 385 995 418; x_wconf 70' lang='grc' dir='ltr'>δι’</span> <span class='ocrx_word' id='word_1_16' title='bbox 1009 385 1161 424; x_wconf 55' lang='lat' dir='ltr'>itcrat-moi</span> <span class='ocrx_word' id='word_1_17' title='bbox 1179 388 1255 418; x_wconf 72' lang='lat' dir='ltr'>u&#39;rm</span> <span class='ocrx_word' id='word_1_18' title='bbox 1269 384 1373 421; x_wconf 83' lang='lat' dir='ltr'>Nulla</span> <span class='ocrx_word' id='word_1_19' title='bbox 1386 383 1592 422; x_wconf 77' lang='lat' dir='ltr'>difficultate</span> <span class='ocrx_word' id='word_1_20' title='bbox 1605 385 1722 436; x_wconf 83' lang='lat' dir='ltr'><strong>premi</strong></span> <span class='ocrx_word' id='word_1_21' title='bbox 1743 383 1877 422; x_wconf 81' lang='lat' dir='ltr'>horum</span> 
     </span>
     <span class='ocr_line' id='line_1_3' title="bbox 234 447 1876 498; baseline -0.002 -11"><span class='ocrx_word' id='word_1_22' title='bbox 234 449 428 487; x_wconf 86' lang='lat' dir='ltr'>verborum</span> <span class='ocrx_word' id='word_1_23' title='bbox 451 460 573 486; x_wconf 82' lang='lat' dir='ltr'>sensus</span> <span class='ocrx_word' id='word_1_24' title='bbox 607 448 695 486; x_wconf 88' lang='lat' dir='ltr'>mihi</span> <span class='ocrx_word' id='word_1_25' title='bbox 715 447 925 498; x_wconf 80' lang='lat' dir='ltr'>videbatur,</span> <span class='ocrx_word' id='word_1_26' title='bbox 949 461 1062 498; x_wconf 87' lang='lat' dir='ltr'>eaque</span> <span class='ocrx_word' id='word_1_27' title='bbox 1088 461 1170 486; x_wconf 90' lang='lat' dir='ltr'>cum</span> <span class='ocrx_word' id='word_1_28' title='bbox 1194 448 1363 485; x_wconf 82' lang='lat' dir='ltr'>omnibus</span> <span class='ocrx_word' id='word_1_29' title='bbox 1380 448 1632 498; x_wconf 79' lang='lat' dir='ltr'>interpretibus</span> <span class='ocrx_word' id='word_1_30' title='bbox 1669 447 1876 487; x_wconf 80' lang='lat' dir='ltr'><strong>vertebam:</strong></span> 
     </span>
     <span class='ocr_line' id='line_1_4' title="bbox 232 505 1876 562; baseline -0.001 -14"><span class='ocrx_word' id='word_1_31' title='bbox 232 520 463 562; x_wconf 82' lang='lat' dir='ltr'>quapropter</span> <span class='ocrx_word' id='word_1_32' title='bbox 490 514 677 562; x_wconf 79' lang='lat' dir='ltr'><em>ingeniosi</em></span> <span class='ocrx_word' id='word_1_33' title='bbox 693 513 844 561; x_wconf 76' lang='lat' dir='ltr'>poen&#39;ca</span> <span class='ocrx_word' id='word_1_34' title='bbox 873 519 929 549; x_wconf 84' lang='lat' dir='ltr'>est</span> <span class='ocrx_word' id='word_1_35' title='bbox 953 509 1016 547; x_wconf 81' lang='lat' dir='ltr'>vel</span> <span class='ocrx_word' id='word_1_36' title='bbox 1026 510 1173 560; x_wconf 85' lang='lat' dir='ltr'>furore</span> <span class='ocrx_word' id='word_1_37' title='bbox 1196 512 1362 561; x_wconf 82' lang='lat' dir='ltr'>correpti</span> <span class='ocrx_word' id='word_1_38' title='bbox 1374 524 1391 559; x_wconf 80' lang='lat'>‚-</span> <span class='ocrx_word' id='word_1_39' title='bbox 1415 522 1460 547; x_wconf 83' lang='lat' dir='ltr'>ex</span> <span class='ocrx_word' id='word_1_40' title='bbox 1485 509 1540 546; x_wconf 78' lang='lat' dir='ltr'>his</span> <span class='ocrx_word' id='word_1_41' title='bbox 1566 509 1661 547; x_wconf 78' lang='lat' dir='ltr'>enim</span> <span class='ocrx_word' id='word_1_42' title='bbox 1703 505 1876 547; x_wconf 81' lang='lat' dir='ltr'>aliibene</span> 
     </span>
     <span class='ocr_line' id='line_1_5' title="bbox 231 571 1875 625; baseline -0.001 -14"><span class='ocrx_word' id='word_1_43' title='bbox 231 575 399 624; x_wconf 73' lang='lat' dir='ltr'>formati,</span> <span class='ocrx_word' id='word_1_44' title='bbox 418 574 483 611; x_wconf 88' lang='lat' dir='ltr'>-alii</span> <span class='ocrx_word' id='word_1_45' title='bbox 507 583 606 611; x_wconf 83' lang='lat' dir='ltr'>extra</span> <span class='ocrx_word' id='word_1_46' title='bbox 641 587 679 611; x_wconf 88' lang='lat' dir='ltr'>se</span> <span class='ocrx_word' id='word_1_47' title='bbox 710 574 816 625; x_wconf 78' lang='lat' dir='ltr'>positi</span> <span class='ocrx_word' id='word_1_48' title='bbox 848 583 941 612; x_wconf 88' lang='lat' dir='ltr'>sunt.</span> <span class='ocrx_word' id='word_1_49' title='bbox 976 573 1032 622; x_wconf 80' lang='grc' dir='ltr'>(ι)</span> <span class='ocrx_word' id='word_1_50' title='bbox 1062 573 1164 611; x_wconf 86' lang='lat' dir='ltr'>Unus</span> <span class='ocrx_word' id='word_1_51' title='bbox 1192 582 1313 611; x_wconf 79' lang='lat' dir='ltr'>tamen</span> <span class='ocrx_word' id='word_1_52' title='bbox 1349 571 1415 610; x_wconf 80' lang='lat' dir='ltr'>Th.</span> <span class='ocrx_word' id='word_1_53' title='bbox 1453 571 1718 623; x_wconf 55' lang='lat' dir='ltr'>Rrwkittius-</span> <span class='ocrx_word' id='word_1_54' title='bbox 1733 581 1875 611; x_wconf 88' lang='lat' dir='ltr'>vertere</span> 
     </span>
     <span class='ocr_line' id='line_1_6' title="bbox 233 634 1878 686; baseline 0 -14"><span class='ocrx_word' id='word_1_55' title='bbox 233 636 348 673; x_wconf 88' lang='lat' dir='ltr'>voluit</span> <span class='ocrx_word' id='word_1_56' title='bbox 361 664 373 684; x_wconf 68' lang='lat'>‚</span> <span class='ocrx_word' id='word_1_57' title='bbox 397 648 511 686; x_wconf 84' lang='lat' dir='ltr'>quam</span> <span class='ocrx_word' id='word_1_58' title='bbox 547 635 595 673; x_wconf 90' lang='lat' dir='ltr'>ob</span> <span class='ocrx_word' id='word_1_59' title='bbox 619 649 697 673; x_wconf 85' lang='lat' dir='ltr'>rem</span> <span class='ocrx_word' id='word_1_60' title='bbox 713 639 864 685; x_wconf 76' lang='lat' dir='ltr'>poetica</span> <span class='ocrx_word' id='word_1_61' title='bbox 885 637 1069 685; x_wconf 77' lang='lat' dir='ltr'><em>ingeniosi</em></span> <span class='ocrx_word' id='word_1_62' title='bbox 1093 642 1149 674; x_wconf 81' lang='lat' dir='ltr'>est</span> <span class='ocrx_word' id='word_1_63' title='bbox 1172 634 1354 685; x_wconf 81' lang='lat' dir='ltr'>hominis,</span> <span class='ocrx_word' id='word_1_64' title='bbox 1380 636 1502 685; x_wconf 74' lang='lat' dir='ltr'>magIs</span> <span class='ocrx_word' id='word_1_65' title='bbox 1521 646 1635 685; x_wconf 83' lang='lat' dir='ltr'>quam</span> <span class='ocrx_word' id='word_1_66' title='bbox 1652 636 1778 672; x_wconf 78' lang='lat' dir='ltr'>insani</span> <span class='ocrx_word' id='word_1_67' title='bbox 1789 649 1804 683; x_wconf 81' lang='lat'>,-</span> <span class='ocrx_word' id='word_1_68' title='bbox 1826 648 1878 672; x_wconf 78' lang='lat' dir='ltr'>ea:</span> 
     </span>
     <span class='ocr_line' id='line_1_7' title="bbox 233 695 1875 748; baseline 0.001 -15"><span class='ocrx_word' id='word_1_69' title='bbox 233 698 289 735; x_wconf 75' lang='lat' dir='ltr'>his</span> <span class='ocrx_word' id='word_1_70' title='bbox 315 701 412 736; x_wconf 88' lang='lat' dir='ltr'>enim</span> <span class='ocrx_word' id='word_1_71' title='bbox 436 698 493 734; x_wconf 79' lang='lat' dir='ltr'>illi</span> <span class='ocrx_word' id='word_1_72' title='bbox 513 697 661 748; x_wconf 80' lang='lat' dir='ltr'>quidem</span> <span class='ocrx_word' id='word_1_73' title='bbox 682 698 739 735; x_wconf 87' lang='lat' dir='ltr'>ad</span> <span class='ocrx_word' id='word_1_74' title='bbox 746 697 971 748; x_wconf 84' lang='lat' dir='ltr'>fingendum</span> <span class='ocrx_word' id='word_1_75' title='bbox 995 695 1135 735; x_wconf 75' lang='lat' dir='ltr'>habiles</span> <span class='ocrx_word' id='word_1_76' title='bbox 1158 703 1266 748; x_wconf 79' lang='lat' dir='ltr'>sunt,</span> <span class='ocrx_word' id='word_1_77' title='bbox 1289 696 1328 734; x_wconf 81' lang='lat' dir='ltr'>ln·</span> <span class='ocrx_word' id='word_1_78' title='bbox 1348 706 1472 735; x_wconf 78' lang='lat' dir='ltr'>autem</span> <span class='ocrx_word' id='word_1_79' title='bbox 1497 705 1616 734; x_wconf 86' lang='lat' dir='ltr'>mente</span> <span class='ocrx_word' id='word_1_80' title='bbox 1641 696 1798 734; x_wconf 83' lang='lat' dir='ltr'>alienati</span> <span class='ocrx_word' id='word_1_81' title='bbox 1819 697 1875 745; x_wconf 77' lang='lat' dir='ltr'>(a)</span> 
     </span>
     <span class='ocr_line' id='line_1_8' title="bbox 232 752 1877 810; baseline -0.001 -15"><span class='ocrx_word' id='word_1_82' title='bbox 232 760 334 796; x_wconf 85' lang='lat' dir='ltr'>Hanc</span> <span class='ocrx_word' id='word_1_83' title='bbox 345 771 445 796; x_wconf 87' lang='lat' dir='ltr'>suam</span> <span class='ocrx_word' id='word_1_84' title='bbox 469 760 685 797; x_wconf 76' lang='lat' dir='ltr'>sementiam</span> <span class='ocrx_word' id='word_1_85' title='bbox 704 758 903 799; x_wconf 83' lang='lat' dir='ltr'><strong>defendere</strong></span> <span class='ocrx_word' id='word_1_86' title='bbox 924 767 1073 796; x_wconf 85' lang='lat' dir='ltr'>conatur</span> <span class='ocrx_word' id='word_1_87' title='bbox 1093 759 1205 810; x_wconf 82' lang='lat' dir='ltr'>ellipsi</span> <span class='ocrx_word' id='word_1_88' title='bbox 1228 765 1285 794; x_wconf 74' lang='lat' dir='ltr'>m·</span> <span class='ocrx_word' id='word_1_89' title='bbox 1295 765 1407 803; x_wconf 65' lang='grc' dir='ltr'><strong>μίλλοι</strong></span> <span class='ocrx_word' id='word_1_90' title='bbox 1429 752 1515 796; x_wconf 69' lang='lat' dir='ltr'>ante</span> <span class='ocrx_word' id='word_1_91' title='bbox 1533 763 1552 798; x_wconf 72' lang='grc' dir='ltr'><strong><em>ἔ</em></strong></span> <span class='ocrx_word' id='word_1_92' title='bbox 1563 771 1573 794; x_wconf 87' lang='lat'>:</span> <span class='ocrx_word' id='word_1_93' title='bbox 1599 772 1619 793; x_wconf 72' lang='grc' dir='ltr'><strong><em>ι</em></strong></span> <span class='ocrx_word' id='word_1_94' title='bbox 1639 760 1683 795; x_wconf 92' lang='lat' dir='ltr'>In</span> <span class='ocrx_word' id='word_1_95' title='bbox 1704 759 1761 795; x_wconf 85' lang='lat' dir='ltr'>his</span> <span class='ocrx_word' id='word_1_96' title='bbox 1779 759 1877 795; x_wconf 89' lang='lat' dir='ltr'>enim</span> 
     </span>
     <span class='ocr_line' id='line_1_9' title="bbox 235 818 1877 872; baseline -0.001 -14"><span class='ocrx_word' id='word_1_97' title='bbox 235 822 403 872; x_wconf 82' lang='lat' dir='ltr'>(inquit)</span> <span class='ocrx_word' id='word_1_98' title='bbox 419 821 487 859; x_wconf 88' lang='lat' dir='ltr'>nisi</span> <span class='ocrx_word' id='word_1_99' title='bbox 504 822 606 860; x_wconf 85' lang='lat' dir='ltr'>fallor</span> <span class='ocrx_word' id='word_1_100' title='bbox 625 821 859 872; x_wconf 82' lang='lat' dir='ltr'>Aristoteles,</span> <span class='ocrx_word' id='word_1_101' title='bbox 878 832 917 859; x_wconf 90' lang='lat' dir='ltr'>ut</span> <span class='ocrx_word' id='word_1_102' title='bbox 943 835 1036 872; x_wconf 85' lang='lat' dir='ltr'>saepe</span> <span class='ocrx_word' id='word_1_103' title='bbox 1058 822 1139 859; x_wconf 82' lang='lat' dir='ltr'>alias</span> <span class='ocrx_word' id='word_1_104' title='bbox 1152 848 1173 868; x_wconf 79' lang='grc'>,-</span> <span class='ocrx_word' id='word_1_105' title='bbox 1192 822 1369 860; x_wconf 63' lang='lat' dir='ltr'>Platonis,-</span> <span class='ocrx_word' id='word_1_106' title='bbox 1387 822 1446 860; x_wconf 86' lang='lat' dir='ltr'>vel</span> <span class='ocrx_word' id='word_1_107' title='bbox 1468 823 1637 861; x_wconf 75' lang='lat' dir='ltr'>Socratis</span> <span class='ocrx_word' id='word_1_108' title='bbox 1661 818 1877 857; x_wconf 80' lang='lat' dir='ltr'>sententiam</span> 
     </span>
     <span class='ocr_line' id='line_1_10' title="bbox 234 882 1877 935; baseline -0.001 -16"><span class='ocrx_word' id='word_1_109' title='bbox 234 899 253 919; x_wconf 58' lang='lat' dir='ltr'>w</span> <span class='ocrx_word' id='word_1_110' title='bbox 284 883 431 934; x_wconf 83' lang='lat' dir='ltr'>oblique</span> <span class='ocrx_word' id='word_1_111' title='bbox 447 884 609 934; x_wconf 82' lang='lat' dir='ltr'>impetit,</span> <span class='ocrx_word' id='word_1_112' title='bbox 636 885 699 934; x_wconf 87' lang='lat' dir='ltr'>qui</span> <span class='ocrx_word' id='word_1_113' title='bbox 724 893 848 934; x_wconf 85' lang='lat' dir='ltr'>poetas</span> <span class='ocrx_word' id='word_1_114' title='bbox 871 885 971 935; x_wconf 81' lang='lat' dir='ltr'>quasi</span> <span class='ocrx_word' id='word_1_115' title='bbox 992 884 1114 922; x_wconf 84' lang='lat' dir='ltr'>furore</span> <span class='ocrx_word' id='word_1_116' title='bbox 1134 883 1259 921; x_wconf 88' lang='lat' dir='ltr'>divino</span> <span class='ocrx_word' id='word_1_117' title='bbox 1287 883 1436 935; x_wconf 80' lang='lat' dir='ltr'>quidem</span> <span class='ocrx_word' id='word_1_118' title='bbox 1459 884 1547 934; x_wconf 84' lang='lat' dir='ltr'>illo,</span> <span class='ocrx_word' id='word_1_119' title='bbox 1568 882 1633 921; x_wconf 88' lang='lat' dir='ltr'>sed</span> <span class='ocrx_word' id='word_1_120' title='bbox 1655 894 1743 920; x_wconf 87' lang='lat' dir='ltr'>vero</span> <span class='ocrx_word' id='word_1_121' title='bbox 1757 909 1769 932; x_wconf 81' lang='lat'>⁷</span> <span class='ocrx_word' id='word_1_122' title='bbox 1790 893 1877 918; x_wconf 77' lang='lat' dir='ltr'>cor-</span> 
     </span>
     <span class='ocr_line' id='line_1_11' title="bbox 234 943 1875 997; baseline -0.001 -16"><span class='ocrx_word' id='word_1_123' title='bbox 234 962 252 981; x_wconf 75' lang='lat'>»</span> <span class='ocrx_word' id='word_1_124' title='bbox 282 955 406 995; x_wconf 85' lang='lat' dir='ltr'>reptos</span> <span class='ocrx_word' id='word_1_125' title='bbox 430 946 556 996; x_wconf 78' lang='lat' dir='ltr'>saepius</span> <span class='ocrx_word' id='word_1_126' title='bbox 584 944 709 984; x_wconf 88' lang='lat' dir='ltr'>irridet</span> <span class='ocrx_word' id='word_1_127' title='bbox 731 956 767 984; x_wconf 85' lang='lat' dir='ltr'>et</span> <span class='ocrx_word' id='word_1_128' title='bbox 787 947 970 997; x_wconf 82' lang='lat' dir='ltr'>poetieam</span> <span class='ocrx_word' id='word_1_129' title='bbox 994 958 1144 984; x_wconf 89' lang='lat' dir='ltr'>omnem</span> <span class='ocrx_word' id='word_1_130' title='bbox 1170 959 1247 985; x_wconf 92' lang='lat' dir='ltr'>non</span> <span class='ocrx_word' id='word_1_131' title='bbox 1273 956 1348 985; x_wconf 84' lang='lat' dir='ltr'>arte</span> <span class='ocrx_word' id='word_1_132' title='bbox 1373 945 1611 996; x_wconf 79' lang='lat' dir='ltr'>discendum⁷</span> <span class='ocrx_word' id='word_1_133' title='bbox 1634 944 1699 982; x_wconf 87' lang='lat' dir='ltr'>sed</span> <span class='ocrx_word' id='word_1_134' title='bbox 1724 957 1744 981; x_wconf 85' lang='lat' dir='ltr'>a</span> <span class='ocrx_word' id='word_1_135' title='bbox 1765 943 1875 981; x_wconf 89' lang='lat' dir='ltr'>Musis</span> 
     </span>
     <span class='ocr_line' id='line_1_12' title="bbox 236 1007 1205 1058; baseline 0.002 -15"><span class='ocrx_word' id='word_1_136' title='bbox 236 1023 254 1043; x_wconf 83' lang='lat'>»</span> <span class='ocrx_word' id='word_1_137' title='bbox 285 1020 368 1043; x_wconf 91' lang='lat' dir='ltr'>cum</span> <span class='ocrx_word' id='word_1_138' title='bbox 400 1008 537 1044; x_wconf 89' lang='lat' dir='ltr'>insania</span> <span class='ocrx_word' id='word_1_139' title='bbox 571 1007 727 1057; x_wconf 86' lang='lat' dir='ltr'>quadarn</span> <span class='ocrx_word' id='word_1_140' title='bbox 754 1007 1001 1058; x_wconf 87' lang='lat' dir='ltr'>accipiendam</span> <span class='ocrx_word' id='word_1_141' title='bbox 1031 1009 1160 1045; x_wconf 83' lang='lat' dir='ltr'>statuit.</span> <span class='ocrx_word' id='word_1_142' title='bbox 1185 1025 1205 1045; x_wconf 64' lang='lat' dir='ltr'>s</span> 
     </span>
    </p>

    <p class='ocr_par' dir='ltr' id='par_1_3' title="bbox 285 1068 1409 1120">
     <span class='ocr_line' id='line_1_13' title="bbox 285 1068 1409 1120; baseline 0.002 -15"><span class='ocrx_word' id='word_1_143' title='bbox 285 1069 374 1105; x_wconf 91' lang='lat' dir='ltr'>Falli</span> <span class='ocrx_word' id='word_1_144' title='bbox 396 1078 515 1105; x_wconf 87' lang='lat' dir='ltr'>tamen</span> <span class='ocrx_word' id='word_1_145' title='bbox 539 1068 629 1105; x_wconf 89' lang='lat' dir='ltr'>mihi</span> <span class='ocrx_word' id='word_1_146' title='bbox 649 1068 792 1106; x_wconf 82' lang='lat' dir='ltr'>videtur</span> <span class='ocrx_word' id='word_1_147' title='bbox 826 1070 880 1106; x_wconf 89' lang='lat' dir='ltr'>vir</span> <span class='ocrx_word' id='word_1_148' title='bbox 894 1097 905 1119; x_wconf 85' lang='lat'>,</span> <span class='ocrx_word' id='word_1_149' title='bbox 937 1070 1150 1120; x_wconf 83' lang='lat' dir='ltr'>ceteroquin</span> <span class='ocrx_word' id='word_1_150' title='bbox 1173 1068 1409 1107; x_wconf 83' lang='lat' dir='ltr'>doctissimus.</span> 
     </span>
    </p>

    <p class='ocr_par' dir='ltr' id='par_1_4' title="bbox 232 1129 1877 1490">
     <span class='ocr_line' id='line_1_14' title="bbox 274 1129 1877 1182; baseline 0.002 -18"><span class='ocrx_word' id='word_1_151' title='bbox 274 1137 393 1164; x_wconf 61' lang='grc' dir='ltr'>Μᾶλλον</span> <span class='ocrx_word' id='word_1_152' title='bbox 424 1129 636 1168; x_wconf 89' lang='lat' dir='ltr'>subauditur</span> <span class='ocrx_word' id='word_1_153' title='bbox 668 1129 816 1180; x_wconf 89' lang='lat' dir='ltr'>quidem</span> <span class='ocrx_word' id='word_1_154' title='bbox 855 1141 1028 1179; x_wconf 89' lang='lat' dir='ltr'>sequente</span> <span class='ocrx_word' id='word_1_155' title='bbox 1059 1134 1079 1168; x_wconf 64' lang='grc' dir='ltr'>η’</span> <span class='ocrx_word' id='word_1_156' title='bbox 1093 1159 1104 1179; x_wconf 81' lang='lat'>‚</span> <span class='ocrx_word' id='word_1_157' title='bbox 1130 1132 1204 1168; x_wconf 90' lang='lat' dir='ltr'>hoc</span> <span class='ocrx_word' id='word_1_158' title='bbox 1239 1142 1361 1169; x_wconf 87' lang='lat' dir='ltr'>tamen</span> <span class='ocrx_word' id='word_1_159' title='bbox 1392 1133 1567 1170; x_wconf 85' lang='lat' dir='ltr'>rarissime</span> <span class='ocrx_word' id='word_1_160' title='bbox 1602 1134 1670 1169; x_wconf 88' lang='lat' dir='ltr'>nisi</span> <span class='ocrx_word' id='word_1_161' title='bbox 1698 1130 1877 1182; x_wconf 84' lang='lat' dir='ltr'>praecedat</span> 
     </span>
     <span class='ocr_line' id='line_1_15' title="bbox 232 1193 1877 1242; baseline -0.004 -10"><span class='ocrx_word' id='word_1_162' title='bbox 232 1194 386 1232; x_wconf 74' lang='lat' dir='ltr'>verbum</span> <span class='ocrx_word' id='word_1_163' title='bbox 416 1194 573 1235; x_wconf 69' lang='grc' dir='ltr'>βοᾶλομαιι,</span> <span class='ocrx_word' id='word_1_164' title='bbox 605 1201 644 1228; x_wconf 86' lang='lat' dir='ltr'>ut</span> <span class='ocrx_word' id='word_1_165' title='bbox 672 1194 811 1234; x_wconf 71' lang='grc' dir='ltr'><strong><em>βοιίλιμιει</em></strong></span> <span class='ocrx_word' id='word_1_166' title='bbox 840 1208 871 1225; x_wconf 66' lang='lat' dir='ltr'>es</span> <span class='ocrx_word' id='word_1_167' title='bbox 903 1193 1013 1226; x_wconf 64' lang='grc' dir='ltr'>ἀπιέναι</span> <span class='ocrx_word' id='word_1_168' title='bbox 1044 1194 1063 1231; x_wconf 70' lang='grc' dir='ltr'>,ἵ</span> <span class='ocrx_word' id='word_1_169' title='bbox 1094 1195 1217 1237; x_wconf 62' lang='lat' dir='ltr'>rupim-o</span> <span class='ocrx_word' id='word_1_170' title='bbox 1248 1195 1382 1236; x_wconf 65' lang='lat' dir='ltr'>p&#39;n2o&#39;pcm</span> <span class='ocrx_word' id='word_1_171' title='bbox 1414 1193 1486 1242; x_wconf 79' lang='lat'><strong>(3).</strong></span> <span class='ocrx_word' id='word_1_172' title='bbox 1513 1195 1643 1230; x_wconf 87' lang='lat' dir='ltr'>Sensus</span> <span class='ocrx_word' id='word_1_173' title='bbox 1671 1193 1802 1242; x_wconf 73' lang='lat' dir='ltr'>etiam,</span> <span class='ocrx_word' id='word_1_174' title='bbox 1825 1193 1877 1228; x_wconf 80' lang='lat' dir='ltr'>uti</span> 
     </span>
     <span class='ocr_line' id='line_1_16' title="bbox 234 1253 1876 1310; baseline -0.002 -16"><span class='ocrx_word' id='word_1_175' title='bbox 234 1269 359 1294; x_wconf 91' lang='lat' dir='ltr'>omnes</span> <span class='ocrx_word' id='word_1_176' title='bbox 386 1256 505 1292; x_wconf 84' lang='lat' dir='ltr'>caeteri</span> <span class='ocrx_word' id='word_1_177' title='bbox 533 1254 698 1304; x_wconf 87' lang='lat' dir='ltr'>legerunt</span> <span class='ocrx_word' id='word_1_178' title='bbox 715 1282 727 1304; x_wconf 72' lang='lat'><strong>7</strong></span> <span class='ocrx_word' id='word_1_179' title='bbox 750 1255 888 1304; x_wconf 86' lang='lat' dir='ltr'>integer</span> <span class='ocrx_word' id='word_1_180' title='bbox 919 1262 971 1290; x_wconf 88' lang='lat' dir='ltr'>est</span> <span class='ocrx_word' id='word_1_181' title='bbox 986 1281 998 1303; x_wconf 76' lang='lat'><strong>7</strong></span> <span class='ocrx_word' id='word_1_182' title='bbox 1033 1263 1069 1291; x_wconf 89' lang='lat' dir='ltr'>et</span> <span class='ocrx_word' id='word_1_183' title='bbox 1106 1253 1243 1291; x_wconf 89' lang='lat' dir='ltr'>nullam</span> <span class='ocrx_word' id='word_1_184' title='bbox 1280 1254 1386 1292; x_wconf 83' lang='lat' dir='ltr'>offert</span> <span class='ocrx_word' id='word_1_185' title='bbox 1418 1253 1664 1292; x_wconf 86' lang='lat' dir='ltr'>difficultatem</span> <span class='ocrx_word' id='word_1_186' title='bbox 1684 1282 1695 1303; x_wconf 81' lang='lat'>‚</span> <span class='ocrx_word' id='word_1_187' title='bbox 1728 1255 1775 1290; x_wconf 87' lang='lat' dir='ltr'>ita</span> <span class='ocrx_word' id='word_1_188' title='bbox 1812 1263 1876 1310; x_wconf 67' lang='lat' dir='ltr'>ut²</span> 
     </span>
     <span class='ocr_line' id='line_1_17' title="bbox 235 1314 1876 1369; baseline -0.002 -14"><span class='ocrx_word' id='word_1_189' title='bbox 235 1318 282 1355; x_wconf 87' lang='lat' dir='ltr'>ad</span> <span class='ocrx_word' id='word_1_190' title='bbox 309 1315 598 1356; x_wconf 85' lang='lat' dir='ltr'>confirmandam</span> <span class='ocrx_word' id='word_1_191' title='bbox 634 1315 833 1369; x_wconf 71' lang='lat' dir='ltr'>Tyrwhitti</span> <span class='ocrx_word' id='word_1_192' title='bbox 857 1316 1091 1367; x_wconf 81' lang='lat' dir='ltr'>opinionem,</span> <span class='ocrx_word' id='word_1_193' title='bbox 1111 1317 1277 1366; x_wconf 87' lang='lat' dir='ltr'>exceptio</span> <span class='ocrx_word' id='word_1_194' title='bbox 1299 1317 1420 1354; x_wconf 89' lang='lat' dir='ltr'>locum</span> <span class='ocrx_word' id='word_1_195' title='bbox 1442 1317 1578 1354; x_wconf 89' lang='lat' dir='ltr'>habere</span> <span class='ocrx_word' id='word_1_196' title='bbox 1597 1315 1751 1366; x_wconf 78' lang='lat' dir='ltr'>debeat,</span> <span class='ocrx_word' id='word_1_197' title='bbox 1775 1314 1876 1366; x_wconf 86' lang='lat' dir='ltr'>quod</span> 
     </span>
     <span class='ocr_line' id='line_1_18' title="bbox 232 1377 1876 1429; baseline -0.002 -13"><span class='ocrx_word' id='word_1_198' title='bbox 232 1379 399 1416; x_wconf 85' lang='lat' dir='ltr'>lubenter</span> <span class='ocrx_word' id='word_1_199' title='bbox 428 1379 655 1428; x_wconf 76' lang='lat' dir='ltr'>acciperem,</span> <span class='ocrx_word' id='word_1_200' title='bbox 686 1378 715 1413; x_wconf 90' lang='lat' dir='ltr'>si</span> <span class='ocrx_word' id='word_1_201' title='bbox 740 1377 841 1413; x_wconf 91' lang='lat' dir='ltr'>nullo</span> <span class='ocrx_word' id='word_1_202' title='bbox 868 1378 936 1413; x_wconf 81' lang='lat' dir='ltr'>alio</span> <span class='ocrx_word' id='word_1_203' title='bbox 967 1377 1049 1414; x_wconf 89' lang='lat' dir='ltr'>loco</span> <span class='ocrx_word' id='word_1_204' title='bbox 1075 1390 1144 1429; x_wconf 90' lang='lat' dir='ltr'>pro</span> <span class='ocrx_word' id='word_1_205' title='bbox 1174 1377 1247 1414; x_wconf 92' lang='lat' dir='ltr'>hoc</span> <span class='ocrx_word' id='word_1_206' title='bbox 1277 1377 1398 1415; x_wconf 91' lang='lat' dir='ltr'>furore</span> <span class='ocrx_word' id='word_1_207' title='bbox 1434 1379 1579 1428; x_wconf 91' lang='lat' dir='ltr'>poetico</span> <span class='ocrx_word' id='word_1_208' title='bbox 1612 1378 1752 1414; x_wconf 81' lang='lat' dir='ltr'>locutus</span> <span class='ocrx_word' id='word_1_209' title='bbox 1787 1386 1876 1414; x_wconf 89' lang='lat' dir='ltr'>esset</span> 
     </span>
     <span class='ocr_line' id='line_1_19' title="bbox 234 1438 1874 1490; baseline -0.001 -12"><span class='ocrx_word' id='word_1_210' title='bbox 234 1440 479 1488; x_wconf 72' lang='lat' dir='ltr'>Aristoteles,</span> <span class='ocrx_word' id='word_1_211' title='bbox 515 1438 616 1489; x_wconf 82' lang='lat' dir='ltr'>quod</span> <span class='ocrx_word' id='word_1_212' title='bbox 647 1448 770 1475; x_wconf 87' lang='lat' dir='ltr'>tamen</span> <span class='ocrx_word' id='word_1_213' title='bbox 803 1439 925 1477; x_wconf 85' lang='lat' dir='ltr'>fecisse</span> <span class='ocrx_word' id='word_1_214' title='bbox 956 1449 1053 1490; x_wconf 86' lang='lat' dir='ltr'>patet</span> <span class='ocrx_word' id='word_1_215' title='bbox 1090 1453 1133 1477; x_wconf 89' lang='lat' dir='ltr'>ex</span> <span class='ocrx_word' id='word_1_216' title='bbox 1170 1440 1263 1476; x_wconf 88' lang='lat' dir='ltr'>libro</span> <span class='ocrx_word' id='word_1_217' title='bbox 1299 1441 1351 1475; x_wconf 95' lang='lat' dir='ltr'>III</span> <span class='ocrx_word' id='word_1_218' title='bbox 1387 1440 1666 1477; x_wconf 86' lang='lat' dir='ltr'>Rhetoricorum</span> <span class='ocrx_word' id='word_1_219' title='bbox 1695 1440 1790 1472; x_wconf 71' lang='grc' dir='ltr'><strong><em>Ἐνθιόν</em></strong></span> <span class='ocrx_word' id='word_1_220' title='bbox 1818 1441 1874 1481; x_wconf 59' lang='grc' dir='ltr'>νὴ</span> 
     </span>
    </p>
   </div>
   <div class='ocr_carea' id='block_1_3' title="bbox 234 1551 1877 2416">
    <p class='ocr_par' dir='ltr' id='par_1_5' title="bbox 234 1551 1876 2035">
     <span class='ocr_line' id='line_1_20' title="bbox 235 1551 1875 1604; baseline -0.002 -12"><span class='ocrx_word' id='word_1_221' title='bbox 235 1561 379 1604; x_wconf 78' lang='lat' dir='ltr'>quisitam</span> <span class='ocrx_word' id='word_1_222' title='bbox 404 1559 582 1601; x_wconf 84' lang='lat' dir='ltr'>sapientiam</span> <span class='ocrx_word' id='word_1_223' title='bbox 611 1564 760 1600; x_wconf 84' lang='lat' dir='ltr'>tanquam</span> <span class='ocrx_word' id='word_1_224' title='bbox 783 1558 943 1589; x_wconf 82' lang='lat' dir='ltr'>involucro</span> <span class='ocrx_word' id='word_1_225' title='bbox 967 1563 997 1588; x_wconf 89' lang='lat' dir='ltr'>et</span> <span class='ocrx_word' id='word_1_226' title='bbox 1021 1558 1236 1599; x_wconf 86' lang='lat' dir='ltr'>integumento</span> <span class='ocrx_word' id='word_1_227' title='bbox 1251 1551 1488 1597; x_wconf 61' lang='lat' dir='ltr'>abscondebat,</span> <span class='ocrx_word' id='word_1_228' title='bbox 1518 1565 1653 1600; x_wconf 84' lang='lat' dir='ltr'>repetere</span> <span class='ocrx_word' id='word_1_229' title='bbox 1682 1570 1699 1588; x_wconf 87' lang='lat' dir='ltr'>a</span> <span class='ocrx_word' id='word_1_230' title='bbox 1730 1561 1875 1589; x_wconf 72' lang='lat' dir='ltr'>Platonis</span> 
     </span>
     <span class='ocr_line' id='line_1_21' title="bbox 236 1612 1875 1657; baseline -0.002 -12"><span class='ocrx_word' id='word_1_231' title='bbox 236 1615 426 1657; x_wconf 86' lang='lat' dir='ltr'>potissimum</span> <span class='ocrx_word' id='word_1_232' title='bbox 442 1612 618 1642; x_wconf 82' lang='lat' dir='ltr'>auctoritate</span> <span class='ocrx_word' id='word_1_233' title='bbox 632 1623 698 1641; x_wconf 88' lang='lat' dir='ltr'>non</span> <span class='ocrx_word' id='word_1_234' title='bbox 710 1612 798 1650; x_wconf 88' lang='lat' dir='ltr'>licet,</span> <span class='ocrx_word' id='word_1_235' title='bbox 804 1614 959 1652; x_wconf 84' lang='lat' dir='ltr'>primum,</span> <span class='ocrx_word' id='word_1_236' title='bbox 980 1613 1053 1653; x_wconf 88' lang='lat' dir='ltr'>quia</span> <span class='ocrx_word' id='word_1_237' title='bbox 1069 1612 1253 1643; x_wconf 82' lang='lat' dir='ltr'>exstiterunt</span> <span class='ocrx_word' id='word_1_238' title='bbox 1273 1612 1372 1642; x_wconf 83' lang='lat' dir='ltr'>multo</span> <span class='ocrx_word' id='word_1_239' title='bbox 1387 1613 1573 1654; x_wconf 84' lang='lat' dir='ltr'>antiquiores</span> <span class='ocrx_word' id='word_1_240' title='bbox 1583 1636 1592 1651; x_wconf 89' lang='lat'><strong><em>,</em></strong></span> <span class='ocrx_word' id='word_1_241' title='bbox 1609 1613 1664 1654; x_wconf 84' lang='lat' dir='ltr'>qui</span> <span class='ocrx_word' id='word_1_242' title='bbox 1684 1612 1875 1654; x_wconf 83' lang='lat' dir='ltr'>allegoricam</span> 
     </span>
     <span class='ocr_line' id='line_1_22' title="bbox 234 1666 1875 1711; baseline -0.002 -10"><span class='ocrx_word' id='word_1_243' title='bbox 234 1666 460 1711; x_wconf 89' lang='lat' dir='ltr'>interpretandi</span> <span class='ocrx_word' id='word_1_244' title='bbox 479 1666 629 1695; x_wconf 86' lang='lat' dir='ltr'>rationem</span> <span class='ocrx_word' id='word_1_245' title='bbox 656 1670 853 1708; x_wconf 84' lang='lat' dir='ltr'>sequerentur</span> <span class='ocrx_word' id='word_1_246' title='bbox 875 1671 911 1695; x_wconf 91' lang='lat' dir='ltr'>ut</span> <span class='ocrx_word' id='word_1_247' title='bbox 937 1666 1111 1707; x_wconf 72' lang='lat' dir='ltr'>Theagenee</span> <span class='ocrx_word' id='word_1_248' title='bbox 1133 1666 1316 1708; x_wconf 73' lang='lat' dir='ltr'>Rheginus,</span> <span class='ocrx_word' id='word_1_249' title='bbox 1338 1666 1392 1708; x_wconf 91' lang='lat' dir='ltr'>qui</span> <span class='ocrx_word' id='word_1_250' title='bbox 1422 1667 1578 1707; x_wconf 55' lang='lat' dir='ltr'>Cambysu</span> <span class='ocrx_word' id='word_1_251' title='bbox 1601 1672 1737 1709; x_wconf 88' lang='lat' dir='ltr'>tempore</span> <span class='ocrx_word' id='word_1_252' title='bbox 1759 1667 1875 1708; x_wconf 87' lang='lat' dir='ltr'>primus</span> 
     </span>
     <span class='ocr_line' id='line_1_23' title="bbox 234 1718 1876 1763; baseline -0.002 -8"><span class='ocrx_word' id='word_1_253' title='bbox 234 1725 292 1754; x_wconf 92' lang='lat' dir='ltr'>hoc</span> <span class='ocrx_word' id='word_1_254' title='bbox 309 1724 372 1763; x_wconf 87' lang='lat' dir='ltr'>egit</span> <span class='ocrx_word' id='word_1_255' title='bbox 392 1722 427 1752; x_wconf 89' lang='lat' dir='ltr'>in</span> <span class='ocrx_word' id='word_1_256' title='bbox 443 1720 569 1750; x_wconf 89' lang='lat' dir='ltr'>Homeri</span> <span class='ocrx_word' id='word_1_257' title='bbox 591 1730 690 1760; x_wconf 89' lang='lat' dir='ltr'>opera.</span> <span class='ocrx_word' id='word_1_258' title='bbox 712 1719 789 1759; x_wconf 71' lang='lat' dir='ltr'>(vid.</span> <span class='ocrx_word' id='word_1_259' title='bbox 811 1719 1024 1750; x_wconf 75' lang='lat' dir='ltr'>schol.-Villes</span> <span class='ocrx_word' id='word_1_260' title='bbox 1045 1719 1084 1748; x_wconf 85' lang='lat' dir='ltr'>ad</span> <span class='ocrx_word' id='word_1_261' title='bbox 1103 1719 1185 1749; x_wconf 77' lang='lat' dir='ltr'>iliad.</span> <span class='ocrx_word' id='word_1_262' title='bbox 1208 1727 1227 1749; x_wconf 83' lang='grc' dir='ltr'>Υ</span> <span class='ocrx_word' id='word_1_263' title='bbox 1246 1731 1274 1751; x_wconf 84' lang='lat' dir='ltr'>v.</span> <span class='ocrx_word' id='word_1_264' title='bbox 1291 1719 1331 1761; x_wconf 85' lang='lat'>67</span> <span class='ocrx_word' id='word_1_265' title='bbox 1349 1720 1393 1750; x_wconf 75' lang='lat' dir='ltr'>Cf.</span> <span class='ocrx_word' id='word_1_266' title='bbox 1418 1718 1540 1750; x_wconf 70' lang='lat' dir='ltr'>Tatian.</span> <span class='ocrx_word' id='word_1_267' title='bbox 1557 1733 1623 1761; x_wconf 64' lang='grc' dir='ltr'>προς</span> <span class='ocrx_word' id='word_1_268' title='bbox 1641 1723 1775 1755; x_wconf 67' lang='grc' dir='ltr'>Έλληνας</span> <span class='ocrx_word' id='word_1_269' title='bbox 1795 1721 1817 1752; x_wconf 94' lang='grc'>1.</span> <span class='ocrx_word' id='word_1_270' title='bbox 1834 1720 1876 1760; x_wconf 74' lang='grc'>48</span> 
     </span>
     <span class='ocr_line' id='line_1_24' title="bbox 234 1770 1873 1820; baseline -0.001 -12"><span class='ocrx_word' id='word_1_271' title='bbox 234 1791 265 1820; x_wconf 89' lang='lat' dir='ltr'>p.</span> <span class='ocrx_word' id='word_1_272' title='bbox 286 1777 343 1807; x_wconf 76' lang='lat'>105</span> <span class='ocrx_word' id='word_1_273' title='bbox 355 1799 364 1814; x_wconf 92' lang='lat'><em>‚</em></span> <span class='ocrx_word' id='word_1_274' title='bbox 384 1774 451 1805; x_wconf 80' lang='lat'>106.</span> <span class='ocrx_word' id='word_1_275' title='bbox 465 1773 519 1804; x_wconf 88' lang='lat' dir='ltr'>Eo.</span> <span class='ocrx_word' id='word_1_276' title='bbox 539 1772 685 1814; x_wconf 80' lang='lat' dir='ltr'>Wortlz).·</span> <span class='ocrx_word' id='word_1_277' title='bbox 708 1772 917 1814; x_wconf 72' lang='lat' dir='ltr'>Anaxagoras</span> <span class='ocrx_word' id='word_1_278' title='bbox 939 1772 1076 1803; x_wconf 84' lang='lat' dir='ltr'>Clazom.</span> <span class='ocrx_word' id='word_1_279' title='bbox 1098 1770 1286 1813; x_wconf 68' lang='lat' dir='ltr'>(Phavon&#39;n.</span> <span class='ocrx_word' id='word_1_280' title='bbox 1303 1783 1351 1815; x_wconf 84' lang='lat' dir='ltr'>ap.</span> <span class='ocrx_word' id='word_1_281' title='bbox 1374 1774 1469 1815; x_wconf 85' lang='lat' dir='ltr'>Diog.</span> <span class='ocrx_word' id='word_1_282' title='bbox 1492 1775 1590 1805; x_wconf 81' lang='lat' dir='ltr'>Laert</span> <span class='ocrx_word' id='word_1_283' title='bbox 1610 1774 1655 1813; x_wconf 89' lang='lat' dir='ltr'>H,</span> <span class='ocrx_word' id='word_1_284' title='bbox 1680 1785 1690 1805; x_wconf 87' lang='lat'>1</span> <span class='ocrx_word' id='word_1_285' title='bbox 1702 1786 1712 1805; x_wconf 91' lang='lat'>1</span> <span class='ocrx_word' id='word_1_286' title='bbox 1730 1788 1738 1815; x_wconf 83' lang='lat'>3</span> <span class='ocrx_word' id='word_1_287' title='bbox 1754 1776 1873 1806; x_wconf 74' lang='lat' dir='ltr'>Steeim-</span> 
     </span>
     <span class='ocr_line' id='line_1_25' title="bbox 237 1826 1874 1873; baseline -0.001 -10"><span class='ocrx_word' id='word_1_288' title='bbox 237 1835 339 1863; x_wconf 78' lang='lat' dir='ltr'>bmtus</span> <span class='ocrx_word' id='word_1_289' title='bbox 368 1830 499 1860; x_wconf 72' lang='lat' dir='ltr'>Thasius</span> <span class='ocrx_word' id='word_1_290' title='bbox 524 1827 669 1869; x_wconf 80' lang='lat' dir='ltr'>(Tatian.</span> <span class='ocrx_word' id='word_1_291' title='bbox 691 1827 712 1857; x_wconf 92' lang='lat' dir='ltr'>l.</span> <span class='ocrx_word' id='word_1_292' title='bbox 734 1828 782 1869; x_wconf 88' lang='lat' dir='ltr'>c.)</span> <span class='ocrx_word' id='word_1_293' title='bbox 808 1829 1000 1858; x_wconf 70' lang='lat' dir='ltr'>Metrodorus</span> <span class='ocrx_word' id='word_1_294' title='bbox 1019 1829 1149 1868; x_wconf 71' lang='lat' dir='ltr'>Lampe.</span> <span class='ocrx_word' id='word_1_295' title='bbox 1168 1826 1349 1868; x_wconf 86' lang='lat' dir='ltr'>(Phavorin.</span> <span class='ocrx_word' id='word_1_296' title='bbox 1361 1828 1382 1858; x_wconf 94' lang='lat' dir='ltr'>l.</span> <span class='ocrx_word' id='word_1_297' title='bbox 1401 1840 1426 1859; x_wconf 87' lang='lat' dir='ltr'>c.</span> <span class='ocrx_word' id='word_1_298' title='bbox 1445 1829 1555 1873; x_wconf 74' lang='lat' dir='ltr'>Tatian</span> <span class='ocrx_word' id='word_1_299' title='bbox 1571 1841 1597 1860; x_wconf 87' lang='lat' dir='ltr'>c.</span> <span class='ocrx_word' id='word_1_300' title='bbox 1612 1830 1650 1871; x_wconf 84' lang='lat'>37</span> <span class='ocrx_word' id='word_1_301' title='bbox 1673 1841 1703 1871; x_wconf 85' lang='lat' dir='ltr'>p.</span> <span class='ocrx_word' id='word_1_302' title='bbox 1723 1828 1784 1872; x_wconf 89' lang='lat'>80)</span> <span class='ocrx_word' id='word_1_303' title='bbox 1802 1831 1874 1861; x_wconf 83' lang='lat' dir='ltr'>alii:</span> 
     </span>
     <span class='ocr_line' id='line_1_26' title="bbox 235 1880 1875 1926; baseline -0.001 -11"><span class='ocrx_word' id='word_1_304' title='bbox 235 1885 359 1921; x_wconf 82' lang='lat' dir='ltr'>deinde,</span> <span class='ocrx_word' id='word_1_305' title='bbox 381 1883 454 1924; x_wconf 88' lang='lat' dir='ltr'>quia</span> <span class='ocrx_word' id='word_1_306' title='bbox 470 1883 567 1911; x_wconf 64' lang='lat' dir='ltr'>Plato</span> <span class='ocrx_word' id='word_1_307' title='bbox 589 1881 719 1910; x_wconf 87' lang='lat' dir='ltr'>minime</span> <span class='ocrx_word' id='word_1_308' title='bbox 741 1881 764 1910; x_wconf 89' lang='lat' dir='ltr'>is</span> <span class='ocrx_word' id='word_1_309' title='bbox 783 1881 856 1919; x_wconf 86' lang='lat' dir='ltr'>suit,</span> <span class='ocrx_word' id='word_1_310' title='bbox 877 1882 931 1922; x_wconf 87' lang='lat' dir='ltr'>qui</span> <span class='ocrx_word' id='word_1_311' title='bbox 952 1891 1000 1910; x_wconf 88' lang='lat' dir='ltr'>eos</span> <span class='ocrx_word' id='word_1_312' title='bbox 1020 1882 1150 1910; x_wconf 79' lang='lat' dir='ltr'>Homeri</span> <span class='ocrx_word' id='word_1_313' title='bbox 1169 1880 1207 1911; x_wconf 92' lang='lat' dir='ltr'>de</span> <span class='ocrx_word' id='word_1_314' title='bbox 1221 1880 1284 1917; x_wconf 82' lang='lat' dir='ltr'>Diis</span> <span class='ocrx_word' id='word_1_315' title='bbox 1308 1881 1433 1924; x_wconf 79' lang='lat' dir='ltr'>mythos</span> <span class='ocrx_word' id='word_1_316' title='bbox 1446 1905 1455 1922; x_wconf 91' lang='lat'>,</span> <span class='ocrx_word' id='word_1_317' title='bbox 1479 1893 1555 1925; x_wconf 83' lang='lat' dir='ltr'>quos</span> <span class='ocrx_word' id='word_1_318' title='bbox 1576 1883 1686 1926; x_wconf 88' lang='lat' dir='ltr'>impios</span> <span class='ocrx_word' id='word_1_319' title='bbox 1703 1883 1875 1926; x_wconf 81' lang='lat' dir='ltr'>judicaret,</span> 
     </span>
     <span class='ocr_line' id='line_1_27' title="bbox 234 1934 1875 1981; baseline -0.001 -11"><span class='ocrx_word' id='word_1_320' title='bbox 234 1938 393 1981; x_wconf 83' lang='lat' dir='ltr'>allegorica</span> <span class='ocrx_word' id='word_1_321' title='bbox 411 1935 636 1979; x_wconf 87' lang='lat' dir='ltr'>interpretandi</span> <span class='ocrx_word' id='word_1_322' title='bbox 656 1935 774 1965; x_wconf 86' lang='lat' dir='ltr'>ratione</span> <span class='ocrx_word' id='word_1_323' title='bbox 786 1935 825 1965; x_wconf 90' lang='lat' dir='ltr'>ab</span> <span class='ocrx_word' id='word_1_324' title='bbox 843 1934 1013 1977; x_wconf 88' lang='lat' dir='ltr'>opprobriis</span> <span class='ocrx_word' id='word_1_325' title='bbox 1030 1934 1185 1968; x_wconf 77' lang='lat' dir='ltr'>vindicare</span> <span class='ocrx_word' id='word_1_326' title='bbox 1196 1936 1304 1976; x_wconf 85' lang='lat' dir='ltr'>vellet,</span> <span class='ocrx_word' id='word_1_327' title='bbox 1325 1936 1375 1968; x_wconf 87' lang='lat' dir='ltr'>sed</span> <span class='ocrx_word' id='word_1_328' title='bbox 1396 1938 1420 1968; x_wconf 89' lang='lat' dir='ltr'>is</span> <span class='ocrx_word' id='word_1_329' title='bbox 1433 1961 1442 1977; x_wconf 89' lang='lat'>‚</span> <span class='ocrx_word' id='word_1_330' title='bbox 1461 1938 1517 1980; x_wconf 85' lang='lat' dir='ltr'>qui</span> <span class='ocrx_word' id='word_1_331' title='bbox 1535 1938 1706 1980; x_wconf 74' lang='lat' dir='ltr'>aperte‘eos</span> <span class='ocrx_word' id='word_1_332' title='bbox 1723 1938 1875 1980; x_wconf 73' lang='lat' dir='ltr'>rejiceret,</span> 
     </span>
     <span class='ocr_line' id='line_1_28' title="bbox 236 1990 858 2035; baseline -0.01 -10"><span class='ocrx_word' id='word_1_333' title='bbox 236 2001 271 2025; x_wconf 90' lang='lat' dir='ltr'>ut</span> <span class='ocrx_word' id='word_1_334' title='bbox 290 1993 463 2035; x_wconf 81' lang='lat' dir='ltr'>juventutis</span> <span class='ocrx_word' id='word_1_335' title='bbox 483 1991 673 2020; x_wconf 82' lang='lat' dir='ltr'>institutioni</span> <span class='ocrx_word' id='word_1_336' title='bbox 696 1990 858 2031; x_wconf 79' lang='lat' dir='ltr'>pestiferas.</span> 
     </span>
    </p>

    <p class='ocr_par' dir='ltr' id='par_1_6' title="bbox 235 2043 1877 2307">
     <span class='ocr_line' id='line_1_29' title="bbox 276 2043 1877 2092; baseline 0.001 -14"><span class='ocrx_word' id='word_1_337' title='bbox 276 2047 323 2090; x_wconf 84' lang='grc' dir='ltr'>(ι)</span> <span class='ocrx_word' id='word_1_338' title='bbox 345 2044 452 2076; x_wconf 84' lang='lat' dir='ltr'>Paullo</span> <span class='ocrx_word' id='word_1_339' title='bbox 461 2043 570 2082; x_wconf 76' lang='lat' dir='ltr'>fusius,</span> <span class='ocrx_word' id='word_1_340' title='bbox 582 2043 633 2074; x_wconf 87' lang='lat' dir='ltr'>sed</span> <span class='ocrx_word' id='word_1_341' title='bbox 644 2043 735 2074; x_wconf 82' lang='lat' dir='ltr'>etiam</span> <span class='ocrx_word' id='word_1_342' title='bbox 748 2044 847 2075; x_wconf 83' lang='lat' dir='ltr'>multo</span> <span class='ocrx_word' id='word_1_343' title='bbox 863 2044 1035 2076; x_wconf 80' lang='lat' dir='ltr'>distinctius</span> <span class='ocrx_word' id='word_1_344' title='bbox 1050 2043 1184 2076; x_wconf 85' lang='lat' dir='ltr'>reddidit</span> <span class='ocrx_word' id='word_1_345' title='bbox 1199 2056 1232 2076; x_wconf 89' lang='lat' dir='ltr'>ea</span> <span class='ocrx_word' id='word_1_346' title='bbox 1247 2045 1534 2089; x_wconf 80' lang='lat' dir='ltr'>Twining(A1-istot</span> <span class='ocrx_word' id='word_1_347' title='bbox 1550 2046 1681 2078; x_wconf 87' lang='lat' dir='ltr'>Treatise</span> <span class='ocrx_word' id='word_1_348' title='bbox 1694 2058 1737 2079; x_wconf 89' lang='lat' dir='ltr'>on</span> <span class='ocrx_word' id='word_1_349' title='bbox 1750 2053 1860 2092; x_wconf 85' lang='lat' dir='ltr'>poetry</span> <span class='ocrx_word' id='word_1_350' title='bbox 1869 2073 1877 2087; x_wconf 90' lang='lat'><em>,</em></span> 
     </span>
     <span class='ocr_line' id='line_1_30' title="bbox 235 2098 1875 2143; baseline -0.002 -8"><span class='ocrx_word' id='word_1_351' title='bbox 235 2101 403 2135; x_wconf 83' lang='lat' dir='ltr'>translated</span> <span class='ocrx_word' id='word_1_352' title='bbox 419 2099 499 2130; x_wconf 83' lang='lat' dir='ltr'>with</span> <span class='ocrx_word' id='word_1_353' title='bbox 515 2104 601 2129; x_wconf 85' lang='lat' dir='ltr'>notes</span> <span class='ocrx_word' id='word_1_354' title='bbox 620 2098 664 2140; x_wconf 83' lang='lat' dir='ltr'>by</span> <span class='ocrx_word' id='word_1_355' title='bbox 683 2100 786 2129; x_wconf 70' lang='grc' dir='ltr'><em>ΊῚιοηι.</em></span> <span class='ocrx_word' id='word_1_356' title='bbox 808 2102 950 2141; x_wconf 76' lang='lat' dir='ltr'>Twining</span> <span class='ocrx_word' id='word_1_357' title='bbox 959 2124 968 2138; x_wconf 89' lang='lat'>,</span> <span class='ocrx_word' id='word_1_358' title='bbox 978 2100 1074 2131; x_wconf 90' lang='lat' dir='ltr'>Lond.</span> <span class='ocrx_word' id='word_1_359' title='bbox 1090 2098 1170 2141; x_wconf 82' lang='lat'>1789</span> <span class='ocrx_word' id='word_1_360' title='bbox 1180 2123 1188 2139; x_wconf 89' lang='lat'><em>,</em></span> <span class='ocrx_word' id='word_1_361' title='bbox 1204 2100 1263 2141; x_wconf 76' lang='grc' dir='ltr'>4ο)</span> <span class='ocrx_word' id='word_1_362' title='bbox 1281 2114 1296 2130; x_wconf 89' lang='lat'>«</span> <span class='ocrx_word' id='word_1_363' title='bbox 1309 2102 1413 2133; x_wconf 78' lang='lat' dir='ltr'>Hence</span> <span class='ocrx_word' id='word_1_364' title='bbox 1427 2102 1453 2132; x_wconf 86' lang='lat' dir='ltr'>it</span> <span class='ocrx_word' id='word_1_365' title='bbox 1465 2102 1504 2140; x_wconf 89' lang='lat' dir='ltr'>is,</span> <span class='ocrx_word' id='word_1_366' title='bbox 1515 2101 1583 2131; x_wconf 82' lang='lat' dir='ltr'>that</span> <span class='ocrx_word' id='word_1_367' title='bbox 1603 2107 1714 2143; x_wconf 83' lang='lat' dir='ltr'>poetry</span> <span class='ocrx_word' id='word_1_368' title='bbox 1729 2102 1875 2133; x_wconf 88' lang='lat' dir='ltr'>demands</span> 
     </span>
     <span class='ocr_line' id='line_1_31' title="bbox 237 2152 1875 2198; baseline 0.001 -11"><span class='ocrx_word' id='word_1_369' title='bbox 237 2172 251 2187; x_wconf 75' lang='lat' dir='ltr'>n</span> <span class='ocrx_word' id='word_1_370' title='bbox 278 2156 374 2188; x_wconf 85' lang='lat' dir='ltr'>either</span> <span class='ocrx_word' id='word_1_371' title='bbox 396 2158 483 2196; x_wconf 84' lang='lat' dir='ltr'>great</span> <span class='ocrx_word' id='word_1_372' title='bbox 504 2152 627 2183; x_wconf 88' lang='lat' dir='ltr'>natural</span> <span class='ocrx_word' id='word_1_373' title='bbox 646 2153 806 2194; x_wconf 83' lang='lat' dir='ltr'>quickness</span> <span class='ocrx_word' id='word_1_374' title='bbox 822 2153 857 2184; x_wconf 85' lang='lat' dir='ltr'>of</span> <span class='ocrx_word' id='word_1_375' title='bbox 868 2159 951 2196; x_wconf 80' lang='lat' dir='ltr'>parts</span> <span class='ocrx_word' id='word_1_376' title='bbox 962 2178 970 2193; x_wconf 93' lang='lat'><em>,</em></span> <span class='ocrx_word' id='word_1_377' title='bbox 990 2166 1024 2185; x_wconf 87' lang='lat' dir='ltr'>or</span> <span class='ocrx_word' id='word_1_378' title='bbox 1043 2166 1086 2186; x_wconf 87' lang='lat' dir='ltr'>an</span> <span class='ocrx_word' id='word_1_379' title='bbox 1102 2153 1302 2195; x_wconf 83' lang='lat' dir='ltr'>enthusiasm‚</span> <span class='ocrx_word' id='word_1_380' title='bbox 1319 2156 1411 2187; x_wconf 83' lang='lat' dir='ltr'>allied</span> <span class='ocrx_word' id='word_1_381' title='bbox 1435 2161 1467 2186; x_wconf 92' lang='lat' dir='ltr'>to</span> <span class='ocrx_word' id='word_1_382' title='bbox 1486 2155 1633 2187; x_wconf 85' lang='lat' dir='ltr'>madness.</span> <span class='ocrx_word' id='word_1_383' title='bbox 1657 2155 1704 2198; x_wconf 82' lang='lat' dir='ltr'>By</span> <span class='ocrx_word' id='word_1_384' title='bbox 1733 2156 1785 2187; x_wconf 84' lang='lat' dir='ltr'>the</span> <span class='ocrx_word' id='word_1_385' title='bbox 1810 2156 1875 2188; x_wconf 86' lang='lat' dir='ltr'>first</span> 
     </span>
     <span class='ocr_line' id='line_1_32' title="bbox 236 2207 1871 2252; baseline 0.001 -11"><span class='ocrx_word' id='word_1_386' title='bbox 236 2226 251 2241; x_wconf 77' lang='lat' dir='ltr'>n</span> <span class='ocrx_word' id='word_1_387' title='bbox 277 2212 311 2242; x_wconf 86' lang='lat' dir='ltr'>of</span> <span class='ocrx_word' id='word_1_388' title='bbox 326 2211 427 2248; x_wconf 90' lang='lat' dir='ltr'>these,</span> <span class='ocrx_word' id='word_1_389' title='bbox 446 2220 496 2240; x_wconf 88' lang='lat' dir='ltr'>we</span> <span class='ocrx_word' id='word_1_390' title='bbox 518 2207 624 2238; x_wconf 88' lang='lat' dir='ltr'>mould</span> <span class='ocrx_word' id='word_1_391' title='bbox 644 2208 791 2239; x_wconf 82' lang='lat' dir='ltr'>ourselves</span> <span class='ocrx_word' id='word_1_392' title='bbox 810 2209 889 2239; x_wconf 86' lang='lat' dir='ltr'>with</span> <span class='ocrx_word' id='word_1_393' title='bbox 909 2208 1027 2252; x_wconf 77' lang='lat' dir='ltr'>sacility</span> <span class='ocrx_word' id='word_1_394' title='bbox 1049 2215 1081 2240; x_wconf 85' lang='lat' dir='ltr'>to</span> <span class='ocrx_word' id='word_1_395' title='bbox 1102 2209 1155 2240; x_wconf 88' lang='lat' dir='ltr'>the</span> <span class='ocrx_word' id='word_1_396' title='bbox 1176 2210 1328 2241; x_wconf 84' lang='lat' dir='ltr'>imitation</span> <span class='ocrx_word' id='word_1_397' title='bbox 1347 2211 1383 2243; x_wconf 86' lang='lat' dir='ltr'>of</span> <span class='ocrx_word' id='word_1_398' title='bbox 1397 2221 1490 2252; x_wconf 78' lang='lat' dir='ltr'>every</span> <span class='ocrx_word' id='word_1_399' title='bbox 1505 2210 1603 2250; x_wconf 83' lang='lat' dir='ltr'>form,</span> <span class='ocrx_word' id='word_1_400' title='bbox 1625 2210 1670 2252; x_wconf 79' lang='lat' dir='ltr'>by</span> <span class='ocrx_word' id='word_1_401' title='bbox 1689 2211 1741 2244; x_wconf 82' lang='lat' dir='ltr'>the</span> <span class='ocrx_word' id='word_1_402' title='bbox 1762 2212 1871 2252; x_wconf 85' lang='lat' dir='ltr'>other,</span> 
     </span>
     <span class='ocr_line' id='line_1_33' title="bbox 236 2262 1328 2307; baseline -0.002 -11"><span class='ocrx_word' id='word_1_403' title='bbox 236 2279 251 2295; x_wconf 76' lang='lat' dir='ltr'>n</span> <span class='ocrx_word' id='word_1_404' title='bbox 279 2263 470 2307; x_wconf 87' lang='lat' dir='ltr'>transported</span> <span class='ocrx_word' id='word_1_405' title='bbox 490 2268 545 2293; x_wconf 90' lang='lat' dir='ltr'>out</span> <span class='ocrx_word' id='word_1_406' title='bbox 563 2262 597 2292; x_wconf 83' lang='lat' dir='ltr'>of</span> <span class='ocrx_word' id='word_1_407' title='bbox 615 2262 764 2293; x_wconf 84' lang='lat' dir='ltr'>ourselves</span> <span class='ocrx_word' id='word_1_408' title='bbox 787 2274 833 2293; x_wconf 88' lang='lat' dir='ltr'>we</span> <span class='ocrx_word' id='word_1_409' title='bbox 854 2263 978 2294; x_wconf 89' lang='lat' dir='ltr'>become</span> <span class='ocrx_word' id='word_1_410' title='bbox 999 2264 1066 2294; x_wconf 89' lang='lat' dir='ltr'>that</span> <span class='ocrx_word' id='word_1_411' title='bbox 1082 2275 1130 2295; x_wconf 88' lang='lat' dir='ltr'>we</span> <span class='ocrx_word' id='word_1_412' title='bbox 1150 2265 1291 2306; x_wconf 79' lang='lat' dir='ltr'>imagine.</span> <span class='ocrx_word' id='word_1_413' title='bbox 1313 2279 1328 2295; x_wconf 74' lang='lat' dir='ltr'>n</span> 
     </span>
    </p>

    <p class='ocr_par' dir='ltr' id='par_1_7' title="bbox 277 2317 1191 2362">
     <span class='ocr_line' id='line_1_34' title="bbox 277 2317 1191 2362; baseline 0 -11"><span class='ocrx_word' id='word_1_414' title='bbox 277 2320 324 2362; x_wconf 87' lang='lat'>(2)</span> <span class='ocrx_word' id='word_1_415' title='bbox 346 2319 473 2349; x_wconf 68' lang='lat' dir='ltr'>Aristot.</span> <span class='ocrx_word' id='word_1_416' title='bbox 493 2318 531 2349; x_wconf 90' lang='lat' dir='ltr'>de</span> <span class='ocrx_word' id='word_1_417' title='bbox 551 2318 661 2348; x_wconf 89' lang='lat' dir='ltr'>Poetic.</span> <span class='ocrx_word' id='word_1_418' title='bbox 678 2317 748 2348; x_wconf 86' lang='lat' dir='ltr'>libr.</span> <span class='ocrx_word' id='word_1_419' title='bbox 770 2328 814 2359; x_wconf 86' lang='lat' dir='ltr'>gr.</span> <span class='ocrx_word' id='word_1_420' title='bbox 836 2324 866 2349; x_wconf 86' lang='lat' dir='ltr'>et</span> <span class='ocrx_word' id='word_1_421' title='bbox 886 2319 938 2349; x_wconf 86' lang='lat' dir='ltr'>lat.</span> <span class='ocrx_word' id='word_1_422' title='bbox 963 2320 1075 2350; x_wconf 82' lang='lat' dir='ltr'>Oxonii</span> <span class='ocrx_word' id='word_1_423' title='bbox 1103 2318 1191 2362; x_wconf 72' lang='lat'>1794.</span> 
     </span>
    </p>

    <p class='ocr_par' dir='ltr' id='par_1_8' title="bbox 278 2371 1196 2416">
     <span class='ocr_line' id='line_1_35' title="bbox 278 2371 1196 2416; baseline -0.002 -11"><span class='ocrx_word' id='word_1_424' title='bbox 278 2375 324 2416; x_wconf 86' lang='lat'>(3)</span> <span class='ocrx_word' id='word_1_425' title='bbox 345 2372 389 2404; x_wconf 91' lang='lat' dir='ltr'>Cf.</span> <span class='ocrx_word' id='word_1_426' title='bbox 409 2373 515 2403; x_wconf 85' lang='lat' dir='ltr'>Franc.</span> <span class='ocrx_word' id='word_1_427' title='bbox 538 2374 671 2413; x_wconf 67' lang='lat' dir='ltr'>Vigor-us</span> <span class='ocrx_word' id='word_1_428' title='bbox 693 2372 730 2403; x_wconf 90' lang='lat' dir='ltr'>de</span> <span class='ocrx_word' id='word_1_429' title='bbox 753 2371 841 2404; x_wconf 85' lang='lat' dir='ltr'>Idiot.</span> <span class='ocrx_word' id='word_1_430' title='bbox 861 2373 937 2415; x_wconf 86' lang='lat' dir='ltr'>ling.</span> <span class='ocrx_word' id='word_1_431' title='bbox 956 2373 1048 2405; x_wconf 83' lang='lat' dir='ltr'>Graec.</span> <span class='ocrx_word' id='word_1_432' title='bbox 1072 2385 1102 2416; x_wconf 92' lang='lat' dir='ltr'>p.</span> <span class='ocrx_word' id='word_1_433' title='bbox 1125 2372 1196 2413; x_wconf 73' lang='lat'>401.</span> 
     </span>
    </p>
   </div>
  </div>
 </body>
</html>
