2078 2790
517 209 575 239 AD
606 206 774 247 QUAEST.
807 208 919 239 PHIL-
953 207 1117 240 THEOR.
1151 209 1208 241 ET
1239 210 1381 243 L1TER2
1417 213 1588 246 HUMAN.
1821 208 1875 263 39

238 283 254 315 ,i
277 280 402 315 maim:
425 288 596 329 praeterea
625 277 832 315 testantibus
854 280 976 317 Dione
1010 279 1298 332 Chr-ysostomo,
1335 283 1591 334 Theophrasto
1611 297 1646 324 et
1669 288 1876 326 Heraclide

238 341 401 378 Pontico
420 341 487 389 (ut
505 339 750 377 Plutarchum
770 340 925 393 aliosque
943 342 1102 393 mittam>
1118 343 1229 382 libros
1244 345 1378 397 aliquot
1390 346 1589 399 defurore
1606 353 1753 399 poetico
1770 363 1876 389 cons-

237 403 357 452 cripsit
375 402 616 451 Aristoteles,
644 404 691 440 ita
720 413 760 440 ut
782 416 859 441 non
881 405 1060 454 Platoni⁷
1089 405 1155 443 sed
1182 408 1247 444 sibi
1273 409 1414 447 risisset.
1451 410 1695 460 Tyr-whittius
1721 414 1871 451 forsitan

236 464 437 501 versionem
461 464 620 502 Dacierii
655 475 737 504 ante
764 467 886 504 oculos
919 466 1065 519 habuit⁷
1090 467 1261 506 dicentis:
1298 485 1316 505 «
1339 484 1440 521 pour
1464 475 1568 510 avoir
1597 473 1649 510 du
1679 476 1802 513 succes
1827 490 1872 514 en

235 541 254 561 »
279 526 405 574 poe'sie
418 553 429 575 ‚
451 527 480 564 il
483 527 586 577 faut
609 532 714 566 avoir
738 541 788 565 un
812 530 920 579 ge'nie
943 530 1148 582 excellent⁷
1171 545 1222 569 ou
1243 533 1508 583 &resur-ienae.
1536 552 1555 572 »

284 587 388 625 Hisce
406 589 574 626 omnibus
591 599 627 627 et
640 588 807 628 codicum
820 593 1027 629 auctoritate
1044 593 1151 631 fretus
1162 595 1346 645 antiquam
1360 597 1497 647 accipio
1512 597 1845 648 interpretationem
1857 628 1868 648 ‚

233 650 279 685 ita
303 659 342 686 ut
363 664 431 701 pro
452 650 573 689 furore
598 654 744 703 poetico
766 654 996 692 Aristotelem
1018 655 1176 693 locutum
1199 670 1275 694 esse
1290 685 1302 707 ‚
1324 658 1415 696 mihi
1440 669 1591 696 constet.

284 710 480 751 Videamus
510 714 582 764 jam
609 713 656 751 de
680 715 746 751 alia
774 717 956 766 proposita
982 730 1001 753 a
1034 718 1255 768 Iyrwhittio
1279 720 1435 758 lectione
1458 723 1594 757 imis-1201
1616 736 1684 774 pro
1719 728 1869 766 έξετιςιίοι

234 780 317 816 εἰσιν,
341 776 392 812 uti
409 789 491 813 cum
509 790 584 814 uno
609 778 771 815 Victorii
785 777 910 816 codice
930 779 1059 816 scribit.
1077 782 1133 830 (1)
1158 795 1177 815 (ι
1191 782 1381 820 Rationem
1400 785 1497 821 enim
1519 784 1641 822 reddit
1656 787 1867 825 Aristoteles

231 853 250 874 »
286 836 412 887 (ait3)
445 852 507 875 cur
540 840 657 890 poesis
691 840 736 876 sit
770 839 927 877 hominis
963 842 1134 891 ingeniosi
1167 845 1277 894 magis
1314 859 1422 895 quam
1453 848 1589 896 insani,
1622 848 1795 897 quoniam
1830 849 1868 885 hi

230 915 249 934 ›>
282 900 478 949 (ingeniosi
493 901 582 951 sel.)
605 900 652 937 ad
675 901 885 952 fingendum
905 901 1041 940 habiles
1062 914 1143 941 sunt
1156 933 1168 955 ‚
1183 905 1232 942 illi
1247 916 1365 944 autem
1381 909 1496 945 insani
1509 908 1556 945 ad
1574 909 1734 947 furorem
1749 914 1867 960 proni.

228 975 248 996 a>
277 966 404 997 'Exsafflf
435 961 533 1012 apud
563 972 727 1000 nostrum
755 972 808 1000 est
834 964 910 1013 ipse
943 966 1097 1002 insanioe
1123 979 1381 1018 paroxysmus
1402 997 1413 1018 7
1442 970 1494 1005 uti
1518 971 1555 1006 in
1578 971 1700 1008 Probl.
1729 972 1866 1021 XXX⁷

227 1037 246 1058 »
278 1028 295 1059 η·
309 1026 369 1068 περὶ
385 1025 446 1059 τούς
464 1025 573 1060 παῖδας
593 1025 727 1066 &usae-15,
751 1023 880 1078 dicitur
902 1025 1002 1063 suror
1020 1027 1201 1078 Herculis⁷
1219 1028 1352 1067 liberos
1371 1042 1452 1068 suos
1476 1031 1681 1070 occidentis.
1699 1037 1865 1072 *suumve

227 1101 245 1121 »
278 1094 397 1121 autem
427 1076 693 1135 nonnunquam
716 1096 905 1137 usurpatur
924 1085 971 1124 de
997 1100 1063 1138 eo,
1091 1090 1152 1138 qui¹
1181 1091 1241 1127 tali
1274 1104 1492 1144 paroxysmo
1517 1095 1719 1145 corripitur.
1737 1114 1755 1134 ›>
1785 1100 1862 1136 Huc

225 1160 336 1196 usque
353 1146 503 1195 Tyrwh.
516 1146 639 1183 Credo
664 1146 831 1196 equidem
845 1174 861 1198 ,-
874 1148 973 1185 illum
990 1149 1128 1187 hancce
1149 1152 1444 1192 emendationem
1469 1156 1637 1194 lubenter
1663 1162 1859 1211 accepisse,
1919 1199 1928 1203 ,

228 1221 339 1258 quum
371 1208 509 1256 optime
542 1206 761 1257 praecedenti
788 1210 975 1247 mutationi
1011 1224 1048 1248 se
1086 1213 1350 1253 accommodet.
1380 1217 1628 1267 Rejiciendam
1665 1234 1739 1258 esse
1768 1222 1861 1261 hanc

223 1270 413 1306 lectionem
459 1268 556 1305 nulla
585 1269 691 1318 exigit
716 1270 828 1319 ratio⁷
857 1272 909 1307 uti
935 1281 1060 1315 contra
1084 1274 1181 1311 nulla
1211 1285 1264 1312 est
1292 1289 1395 1314 causa
1411 1306 1423 1328 ‚
1449 1293 1559 1329 quare
1585 1286 1734 1322 ε’ξιτιιςιίη
1755 1297 1862 1333 repu-

189 1355 197 1361 -
225 1329 376 1367 diemus,
399 1329 560 1380 Uterque
585 1330 683 1366 enim
713 1329 810 1368 idem
839 1331 913 1369 fere
938 1333 1132 1385 significat,
1159 1335 1272 1374 modo
1295 1338 1425 1376 nullius
1448 1339 1701 1392 detorqueatur
1728 1357 1859 1383 sensus.

223 1391 441 1440 Significatio
465 1395 608 1427 έκςατίιου
636 1391 744 1428 latere
769 1392 859 1429 mihi
886 1392 1029 1431 videtur
1053 1396 1089 1431 in
1117 1396 1215 1434 hisce
1250 1392 1391 1436 Obidii:

556 1497 571 1513 «
593 1484 645 1516 Est
667 1485 744 1516 Deus
766 1486 801 1516 in
822 1486 931 1526 nobis,
950 1487 1084 1529 agitante
1115 1489 1291 1522 calescimus
1310 1491 1384 1530 illo,

551 1549 566 1565 n
591 1537 716 1568 Sedibus
736 1538 882 1570 AEthereis
894 1541 1016 1582 spiritus
1036 1541 1088 1572 ille
1110 1543 1195 1573 venit
1217 1555 1233 1571 n

267 1634 313 1670 Et
340 1635 378 1671 in
402 1634 461 1684 illo
486 1633 581 1671 Clar.
607 1635 763 1672 Kinlteri
782 1637 897 1673 nostri

554 1740 568 1756 α
591 1727 656 1759 Een
676 1727 815 1760 Godheid
838 1727 935 1773 blanst
957 1739 1013 1773 my
1033 1741 1090 1761 aan
1114 1742 1153 1762 en
1175 1731 1245 1763 doet
1263 1743 1313 1764 me
1341 1733 1365 1764 't
1386 1733 1552 1779 lichtspoor
1572 1738 1705 1778 vinden,

547 1795 562 1809 »
588 1783 719 1823 Waarop
735 1782 773 1813 de
795 1784 972 1831 ontYJamde
992 1790 1069 1825 geest
1091 1785 1158 1815 zich
1180 1797 1238 1817 aan
1259 1787 1313 1818 het
1334 1788 1398 1819 stof
1415 1790 1588 1821 ontbinden

550 1847 564 1863 n
591 1834 639 1865 En
659 1834 768 1867 kracht
788 1835 951 1870 verlee‘nen
975 1838 1019 1870 zal
1035 1849 1092 1870 aan
1105 1838 1206 1872 d’eens
1227 1839 1405 1875 hestemden
1425 1843 1477 1875 wi]
1490 1843 1535 1886 (2)

264 1924 439 1959 Ἐξεπιςιιιοιῗ
458 1924 574 1962 autem
598 1916 635 1951 in
658 1915 723 1951 lllis
747 1916 905 1952 Horatii

521 1965 543 1985 Ο

544 2013 639 2050 Quem
661 2018 714 2050 tu,
736 2013 928 2054 Melpomene
950 2014 1038 2045 semel

544 2066 721 2097 Nascentem
742 2066 862 2108 placido
876 2067 993 2099 lumine
1013 2067 1120 2100 videris

252 2192 298 2234 (ι)
319 2193 387 2224 Vid.
409 2193 496 2223 Arist.
517 2192 586 2223 edit.
609 2192 666 2223 Gh.
688 2192 740 2222 Ch.
764 2194 880 2224 Harles
899 2205 969 2225 cum
989 2193 1066 2223 notis
1088 2195 1239 2236 Syllurgii
1265 2196 1342 2239 1780
1363 2210 1429 2241 pag.
1454 2200 1518 2239 124.

252 2247 297 2288 (2)
318 2247 361 2278 De
381 2247 546 2289 verlossing
564 2259 624 2280 van
637 2247 807 2280 Nederland
830 2248 1006 2282 Gedichten.
1029 2247 1075 2279 Dl.
1097 2248 1141 2290 Π,
1160 2261 1189 2291 p.
1208 2251 1255 2291 37.
