2078 2790
718 454 1394 546 PRAEFATIO.

242 895 297 960 It«
321 917 577 969 perscrutanda
601 918 833 957 remotisn'ma
856 918 1085 968 antiquitate,
1115 916 1205 955 nihil
1233 917 1395 967 profecto
1425 926 1479 956 est
1506 927 1583 955 tum
1612 917 1751 965 utilius,
1787 926 1862 954 tum

243 981 407 1030 suavius,
432 993 540 1031 quam
569 980 746 1030 expositio
773 976 1008 1029 placitorum,
1031 992 1111 1029 quae
1136 978 1302 1029 princeps
1327 979 1478 1028 quisque
1502 978 1737 1029 philosophus
1766 977 1861 1017 orbis

242 1041 379 1092 antiqui
396 1039 520 1080 ·fovet.'
541 1039 655 1089 Quod
677 1053 724 1077 ne
749 1040 820 1078 levi
850 1037 997 1091 quidem
1018 1039 1231 1091 probatione
1260 1037 1421 1089 indigere
1442 1051 1581 1079 censeo.
1609 1039 1662 1077 Ea
1690 1039 1786 1078 enim
1809 1048 1864 1077 est

240 1102 423 1153 singularis
449 1102 557 1138 aetatis
575 1109 714 1138 ‘nostrie
747 1101 915 1152 felicitas,
948 1110 989 1138 ut
1024 1102 1217 1152 unicuique
1244 1101 1468 1138 innotuerint
1496 1101 1677 1152 principes
1691 1127 1703 1151 ,
1737 1100 1862 1151 quibus

241 1152 368 1213 siriguli
387 1162 592 1213 philosophi
612 1175 688 1200 sese
711 1162 948 1212 addixerunt,
967 1164 1127 1212 familiae,
1160 1162 1252 1199 adeo
1282 1173 1322 1199 ut
1343 1162 1443 1198 haud
1471 1174 1553 1199 raro
1578 1164 1791 1199 recentiores
1817 1161 1862 1197 ab

241 1224 391 1274 antiquis
408 1224 557 1261 mutuati
574 1224 706 1262 fixerint
717 1252 729 1275 ‚
747 1233 783 1261 et
801 1237 863 1262 sua
883 1224 1032 1262 fecerint
1044 1251 1056 1274 ‚
1080 1236 1160 1275 quae
1184 1223 1223 1260 hi
1245 1223 1387 1274 copiose
1410 1222 1686 1274 disputaverant.
1701 1243 1747 1251 —
1764 1223 1861 1260 Inter

238 1286 317 1323 illos
339 1298 427 1324 vero
447 1286 646 1336 sapientes,
672 1286 734 1336 qui
752 1283 863 1336 longo
885 1285 930 1323 ab
958 1285 1044 1323 hinc
1064 1286 1235 1334 temporis
1257 1285 1444 1324 intervallo
1463 1285 1682 1330 floruerunt,
1702 1284 1858 1331 primum

239 1346 339 1383 facile
364 1346 485 1383 locum
505 1356 684 1397 occupant
705 1347 822 1384 Plato
845 1355 881 1383 et
905 1345 1125 1384 Aristoteles
1147 1347 1217 1390 (1).

289 1408 406 1445 Plato
419 1436 431 1458 7
464 1422 484 1442 c
504 1421 577 1457 quo
590 1434 601 1455 ⁷
621 1416 709 1443 teste
738 1408 932 1453 Cicerone,
957 1416 1066 1440 nemo
1088 1403 1153 1439 fixit
1180 1403 1219 1439 in
1242 1402 1436 1440 scribendo
1455 1404 1700 1453 praestantior,
1722 1405 1858 1442 intelli-

239 1467 347 1518 gendi
377 1481 454 1504 non
489 1467 627 1512 solum,
655 1464 719 1500 sed
753 1465 858 1500 etiam
890 1463 1034 1501 dicendi
1058 1463 1280 1514 gravissimus
1316 1474 1440 1501 auctor
1472 1474 1509 1501 et
1537 1465 1701 1515 magister
1732 1482 1752 1502 2
1787 1467 1854 1515 (2).

235 1526 435 1565 Aristotele
454 1537 541 1563 vero
568 1525 644 1575 quis
665 1525 723 1569 vel
739 1525 946 1575 nermsior,
966 1525 1022 1574 (3)
1044 1525 1103 1564 vel
1124 1524 1286 1576 doctior,
1312 1526 1390 1576 quis
1407 1526 1567 1576 acutior,
1588 1527 1667 1578 quis
1686 1528 1725 1566 in
1747 1528 1852 1567 rebus

236 1588 295 1625 vel
314 1586 558 1635 inveniendis,
580 1587 638 1624 vel
658 1585 859 1636 judicandis
880 1586 1022 1623 acrior?
1049 1588 1104 1636 (4)
1134 1588 1272 1624 Horum
1300 1587 1406 1637 igitur
1439 1588 1737 1638 philosophorum
1766 1590 1852 1640 pla-

239 1650 305 1684 cita
333 1657 431 1697 tum,
457 1656 607 1698 propter
630 1660 751 1684 rerum
783 1648 1012 1698 gravitatem⁷
1039 1647 1241 1697 dignissima
1265 1657 1348 1685 sunt
1376 1661 1456 1699 quae
1484 1658 1709 1699 exponantur
1722 1676 1735 1700 ,
1753 1659 1829 1688 tum
1842 1679 1853 1701 7

237 1719 385 1759 propter
417 1710 599 1758 utriusque
631 1708 789 1745 divinam
825 1708 970 1746 dicendi
996 1710 1135 1759 copiam
1163 1719 1199 1746 ct
1222 1710 1448 1761 ubertatem,
1468 1709 1732 1760 jucundissima.

287 1770 379 1820 Quae
417 1782 497 1807 cum
526 1770 574 1806 ita
606 1770 700 1820 sint,
726 1770 825 1808 haud
857 1771 1034 1808 immerito
1061 1770 1107 1807 ab
1137 1771 1385 1810 illustrissima
1395 1771 1591 1821 facultate
1609 1772 1853 1823 philosophice

236 1832 444 1871 theoreticae
475 1838 511 1869 et
542 1830 733 1870 liter-anam
759 1831 1015 1871 humaniorum
1047 1834 1084 1869 in
1122 1832 1316 1872 academia
1353 1833 1568 1884 Leodiensi‚
1598 1832 1645 1871 ad
1671 1844 1852 1875 certamen

233 1894 424 1933 literarium
450 1893 668 1946 propositam
689 1893 796 1933 fuisse
824 1906 953 1935 censeo
973 1894 1223 1947 quaestionem:
1253 1908 1272 1931 ι
1293 1896 1499 1935 Instituatur
1519 1899 1752 1948 comparatio
1760 1897 1851 1948 pla-

276 1997 322 2039 (1)
345 1997 445 2029 Cicero
465 1997 503 2029 de
524 1997 641 2040 republ.
658 1998 697 2029 Π.
713 2011 778 2041 cap.
796 2000 833 2030 Π.

276 2050 322 2093 (a)
342 2051 436 2082 Idem.
456 2051 563 2082 Orator
583 2062 647 2094 cap.
663 2053 690 2084 3.

276 2102 322 2145 (3)
342 2104 435 2135 Idem.
456 2103 572 2135 Brutus.
596 2119 649 2129 —
670 2106 718 2136 31.

277 2155 322 2198 (4)
343 2157 435 2188 Idem.
457 2159 572 2190 Orator,
596 2177 635 2181 —
659 2158 705 2189 51.
