2078 2790
243 249 298 293 56
733 259 761 289 1.
791 256 930 291 ausen
959 253 1117 291 xmsnn
1148 253 1388 290 RESPoNsm

235 394 1883 432 o0000000oooooooooooooooooooooooooooo0000ooowooooooooooooooouooooooo

734 563 973 611 cAPm*
1023 562 1397 620 TERTIUM,

681 720 739 750 DE
770 718 1021 750 PRINCIPIIS
1053 717 1191 748 ARTIS
1222 716 1437 747 POETICAE.

996 872 1110 885 *—

938 1000 1117 1037 SECTIO
1143 1002 1171 1035 I.

527 1157 573 1179 DE
601 1156 796 1180 PRINCIPHS
825 1156 929 1179 ART1S
960 1155 1126 1179 POETICAE
1153 1155 1347 1180 SECUNDUM
1378 1155 1586 1181 PLATONEM.

283 1303 431 1343 Peracta
461 1300 708 1356 disquisitione
736 1300 783 1342 de
805 1302 943 1342 ratione
960 1302 1043 1342 artis
1061 1301 1212 1355 poeticae
1229 1331 1241 1354 ,
1268 1301 1314 1341 ad
1346 1302 1492 1343 alteram
1517 1304 1718 1356 quaestionis
1742 1315 1879 1357 partem

233 1368 464 1415 pervenimus
478 1391 489 1413 ,
517 1378 598 1414 quae
621 1366 848 1414 amplectitur
872 1367 999 1414 placita
1027 1365 1207 1401 Platonis
1233 1374 1270 1400 et
1290 1366 1505 1401 Aristotelis
1530 1365 1577 1401 de
1594 1368 1777 1416 principiis
1799 1371 1880 1404 artis

232 1427 394 1479 poeticae.
428 1427 547 1466 Pauca
585 1436 725 1466 tantum
752 1424 799 1466 de
825 1425 1030 1478 principiis,
1052 1440 1165 1477 eaque
1202 1425 1332 1465 nullius
1355 1426 1430 1465 fere
1458 1441 1539 1465 usus
1562 1428 1706 1479 practici
1737 1430 1879 1481 reliquit

234 1490 373 1526 Plato:
412 1503 491 1539 quae
526 1499 648 1526 tamen
682 1489 755 1525 huc
785 1497 971 1539 spectant,
1007 1489 1171 1539 inprimis
1209 1489 1375 1538 leguntur
1412 1489 1449 1525 in
1486 1489 1583 1526 libris
1603 1488 1650 1527 de
1671 1491 1878 1542 republica,

235 1565 346 1602 quare
368 1552 472 1588 etiam
487 1552 525 1589 iis
541 1580 552 1601 ,
574 1562 745 1602 tanquam
766 1549 1005 1589 fundamento
1027 1560 1117 1588 utar.
1141 1551 1266 1600 Quum
1286 1561 1405 1589 autem
1426 1552 1630 1602 complures
1647 1552 1719 1602 jam
1737 1552 1880 1592 decreta

235 1614 414 1651 Platonis
431 1613 478 1651 de
496 1614 550 1650 his
572 1622 606 1651 et
627 1613 674 1650 de
692 1615 768 1664 ipsa
790 1614 890 1664 poesi
918 1613 1154 1663 singularibus
1177 1612 1480 1651 dissertationibus
1502 1627 1689 1664 enarrare,
1707 1614 1881 1653 illustrare

234 1674 432 1726 dijudicare
455 1677 574 1713 conati
596 1676 749 1726 suerint,
776 1676 908 1712 horum
932 1688 1020 1712 vero
1041 1677 1146 1726 pauci
1168 1685 1305 1713 tantum
1330 1688 1505 1725 numero,
1531 1675 1632 1726 quod
1655 1678 1784 1727 sciam,
1804 1691 1880 1715 rem

232 1741 279 1776 ita
315 1740 640 1789 pertractaverint,
680 1749 719 1775 ut
762 1738 809 1775 ad
847 1751 989 1775 causam
1023 1747 1059 1774 et
1094 1740 1273 1787 rationes,
1304 1737 1404 1775 unde
1436 1738 1673 1789 philosophus
1698 1740 1880 1789 profectus

233 1801 339 1838 fuerit
377 1810 482 1852 atque
523 1799 570 1837 ad
604 1810 809 1851 momenta,
838 1813 918 1851 quae
964 1799 1039 1850 ejus
1085 1800 1244 1835 animum
1272 1800 1309 1836 in
1341 1799 1483 1850 singulis
1516 1800 1698 1837 sententiis
1724 1800 1880 1839 ferendis

233 1864 476 1914 perculerint,
505 1865 585 1901 satis
618 1865 862 1914 respexerint:
896 1863 969 1900 hoc
997 1876 1060 1912 age
1089 1862 1209 1912 paullo
1235 1863 1430 1899 accuratius
1463 1872 1568 1913 atque
1597 1864 1740 1901 uberius
1760 1865 1876 1902 facere

235 1926 458 1964 conabimur.

284 1990 385 2026 Nova
402 1999 523 2027 tamen
544 1990 605 2026 hic
625 1990 738 2026 oritur
759 1988 968 2037 difficultas,
993 1998 1115 2024 utrum
1131 1988 1262 2025 scilicet
1292 1989 1390 2024 locos
1407 1989 1563 2038 integros
1579 2002 1696 2038 graeco
1714 2002 1879 2027 sermone

233 2050 439 2089 describere
464 2060 649 2102 oporteat,
676 2064 721 2088 an
753 2063 841 2089 vero
878 2050 1026 2087 sufficiat
1054 2061 1272 2101 excerpere,
1299 2063 1378 2101 quae
1407 2050 1544 2101 optima
1565 2050 1653 2087 mihi
1680 2049 1880 2089 videantur.

232 2114 339 2151 Illud
357 2123 481 2152 vetant
498 2113 579 2149 libri
593 2115 627 2149 11
641 2124 675 2151 et
688 2116 739 2150 111
757 2124 863 2164 atque
876 2113 913 2149 X
929 2114 975 2150 de
991 2111 1198 2162 republica,
1226 2114 1360 2163 quippe
1380 2114 1441 2162 qui
1468 2114 1533 2149 toti
1550 2113 1624 2150 fere
1653 2112 1880 2150 describendi

235 2184 362 2213 essent.
393 2175 522 2226 Neque
549 2174 620 2220 hoc
651 2174 856 2212 difficultate
893 2185 999 2212 caret.
1037 2172 1251 2212 Cavendum
1279 2175 1376 2211 enim
1411 2175 1572 2225 inprimis
1604 2183 1680 2223 est⁷
1716 2187 1763 2211 ne
1794 2174 1883 2226 quid

234 2235 439 2275 detrimenti
478 2238 620 2288 capiant
658 2237 832 2275 Platonis
860 2238 1072 2281 sententiae,
1104 2249 1183 2286 quae
1217 2237 1253 2273 in
1278 2237 1352 2274 hoc
1377 2236 1471 2273 libro
1519 2249 1600 2273 cum
1624 2237 1730 2287 ipsius
1763 2238 1881 2275 verbis

234 2309 306 2336 tam
330 2310 425 2338 arcte
450 2301 622 2351 colligatae
649 2309 730 2338 sunt
757 2310 792 2338 et
818 2301 1023 2349 cohaerent,
1052 2311 1134 2336 raro
1166 2299 1239 2336 sine
1270 2300 1410 2337 illarum
1441 2297 1659 2337 detrimento
1687 2301 1877 2338 sententias
