2078 2790
248 285 302 335 42
742 294 771 324 1.
803 290 938 324 ausen
967 289 1124 322 REISER
1153 288 1390 322 RESPONSto

250 376 446 413 imitatione
468 375 606 414 disserit
630 377 770 426 Plato,
796 384 933 413 tantum
957 376 1056 412 abest
1077 376 1122 413 ab
1150 374 1321 425 opinione
1336 402 1347 424 ,
1369 386 1515 412 omnem
1540 375 1666 425 poesin
1686 374 1882 412 imitatione

248 438 426 476 contineri
443 466 455 488 ,
486 447 526 475 ut
557 436 603 475 de
630 437 802 475 industria
833 435 1025 490 distinguat
1049 437 1174 488 poesin
1204 438 1383 480 maurim,
1412 435 1456 473 ab
1488 448 1552 487 ea,
1580 448 1660 487 quae
1688 436 1884 474 imitatione
1914 486 1918 490 .

246 512 324 537 non
350 498 573 538 continetur:
602 499 689 538 dicit
711 500 808 537 enim
824 497 900 550 ibi,
921 511 1067 536 omnem
1090 501 1216 550 poesin
1238 500 1368 540 summ
1394 498 1592 547 contineri,
1615 499 1665 535 ita
1698 508 1819 535 tamen
1845 508 1884 534 ut

247 563 406 599 narratio
435 561 551 613 aliqua
575 563 618 599 sit
646 561 821 613 simplex,
855 562 894 599 in
923 575 991 612 qua
1023 562 1156 599 scilicet
1181 573 1252 599 nec
1277 574 1392 611 voce,
1418 572 1487 598 nec
1514 560 1626 611 figura
1653 559 1803 598 alterum
1827 573 1884 598 re-

249 634 442 672 praesentat
464 634 568 674 poeta
582 651 592 673 ,
606 622 670 660 sed
689 624 764 674 ipse
784 637 828 661 ex
851 624 994 675 propria
1021 636 1175 674 persona
1191 622 1327 674 aliquid
1345 632 1466 660 narrat
1482 620 1737 668 historicorum
1762 634 1882 672 more,

251 694 290 720 ut
309 685 582 734 Dithyrambica
594 711 605 733 ,
635 698 743 734 quam
760 686 963 722 imitationis
988 694 1172 734 expertem
1198 698 1274 722 esse
1295 683 1404 733 dicit,
1420 684 1534 734 aliqua
1552 696 1630 721 non
1648 684 1691 721 sit
1707 684 1857 734 simplex
1871 712 1882 733 ,

250 757 332 780 cum
362 745 494 782 scilicet
520 745 672 783 alterum
702 755 811 796 poeta
831 746 913 783 facit
936 746 1145 796 loquentem
1160 773 1172 794 ,
1197 758 1239 782 ac
1264 745 1323 784 vel
1347 758 1461 795 voce,
1487 745 1546 783 vel
1571 745 1680 794 figura
1702 745 1812 782 refert
1841 758 1883 781 ac

248 815 501 857 repraesentat,
525 807 656 857 figura
676 805 823 858 quidem
850 820 933 844 cum
952 816 1089 846 actores
1112 805 1250 845 inducit
1274 807 1485 859 loquentes,
1518 804 1825 857 quemadmodum
1843 807 1882 843 in

250 867 431 903 comoedia
442 878 477 904 et
485 868 656 918 tragoedia
666 882 732 904 usu
743 870 866 905 venire
879 870 988 906 soletz
1003 879 1040 906 et
1054 869 1133 906 haec
1145 870 1301 905 narratio
1313 868 1444 905 dicitur
1460 867 1653 905 dramatica
1669 877 1791 918 estque
1804 869 1883 903 imi-

249 929 355 966 tatrix
370 938 464 967 tota:
479 942 595 981 voce,
608 943 720 981 quum
738 942 817 967 non
836 930 922 968 alios
943 940 1082 969 actores
1095 928 1252 981 inducit,
1268 929 1332 969 sed
1350 931 1426 981 ipse
1443 930 1493 967 sic
1511 929 1690 980 loquitur,
1707 939 1747 967 ut
1765 929 1881 967 alieno

250 992 399 1027 nomine
418 991 607 1040 loquatur,
622 1001 663 1027 ut
680 1001 872 1041 propterea
890 993 927 1028 in
944 1005 988 1029 eo
1006 993 1050 1028 sit
1065 993 1181 1042 posita
1197 993 1371 1041 imitatio,
1389 1001 1428 1028 ut
1450 992 1527 1041 quis
1544 992 1693 1028 alterum
1712 992 1771 1028 vel
1790 1003 1881 1028 voce

249 1061 389 1089 tantum
406 1051 465 1089 vel
481 1052 590 1102 figura
608 1052 714 1089 etiam
733 1053 907 1104 exprimat
919 1053 1133 1105 referatque.
1150 1053 1198 1091 Et
1210 1052 1279 1090 hae
1292 1051 1339 1091 de
1356 1065 1474 1090 caussa
1492 1051 1665 1090 statuebat
1676 1051 1881 1090 Homerum

249 1115 287 1150 in
305 1113 416 1150 Iliade
432 1123 468 1150 et
485 1112 646 1163 Odyssea
657 1141 669 1163 ,
686 1112 799 1151 modo
818 1116 969 1164 simplici
982 1116 1186 1152 narratione
1203 1129 1305 1152 usum
1321 1128 1416 1163 esse,
1430 1113 1541 1152 modo
1559 1115 1743 1151 imitatum.
1760 1115 1881 1164 Atque

248 1175 322 1211 hoc
342 1183 447 1225 pacto
466 1186 690 1224 quaecunque
713 1177 867 1211 metrica
891 1175 1072 1224 narratio,
1091 1168 1386 1224 (metrica,quia
1409 1175 1567 1224 poemati
1592 1187 1737 1211 carmen
1762 1175 1881 1211 Plato

248 1245 392 1286 reputat
409 1235 672 1285 necessarium)
695 1236 764 1272 erit
783 1233 830 1272 ad
851 1236 977 1286 poesin
999 1235 1183 1273 vocanda:
1202 1234 1371 1273 nimirum
1383 1244 1444 1272 aut
1457 1233 1503 1285 ad
1524 1248 1626 1284 eam,
1638 1248 1717 1286 quae
1729 1236 1880 1286 simplex

248 1298 407 1335 narratio
425 1294 555 1333 dicitur
566 1306 603 1334 et
618 1297 823 1333 imitationis
835 1306 887 1334 est
902 1311 1027 1348 expers
1037 1325 1049 1347 ,
1064 1297 1115 1334 uti
1131 1297 1291 1335 Hesiodi
1305 1308 1395 1347 opus
1407 1323 1419 1346 ,
1438 1294 1537 1347 quod
1548 1298 1627 1341 ''lm-
1639 1299 1686 1331 ui
1700 1300 1787 1342 ἤμιμὲ
1802 1299 1880 1335 ins-

250 1359 419 1408 cribitur,
446 1358 506 1396 vel
526 1356 574 1395 ad
603 1356 836 1395 dramaticam
860 1362 1115 1398 narrationem
1135 1359 1195 1398 vel
1221 1357 1268 1395 ad
1294 1359 1523 1409 Hermam,
1549 1372 1628 1409 quae
1651 1360 1781 1410 partim
1802 1362 1880 1399 imi-

246 1429 342 1458 tatur
355 1445 367 1469 ,
393 1420 525 1471 partim
548 1419 700 1471 simplici
728 1420 839 1458 utitur
861 1422 1075 1459 narratione.
1101 1421 1340 1461 Imitationem
1363 1421 1469 1471 igitur
1495 1419 1676 1471 adjudicat
1698 1423 1880 1473 tragoediae

247 1492 285 1521 et
306 1482 400 1533 parti
420 1480 623 1520 dramtieoe
644 1481 751 1533 Epici
767 1483 958 1520 carminis:
983 1491 1022 1521 et
1041 1482 1143 1534 quod
1164 1481 1262 1533 apud
1283 1482 1522 1521 Aristotelem
1547 1483 1771 1535 precipuum
1801 1495 1853 1524 est
1866 1514 1877 1535 ,

248 1545 368 1582 Plato
384 1556 461 1581 non
481 1545 547 1581 nisi
561 1557 706 1582 sensum
728 1544 932 1582 imitationis
956 1546 1058 1597 poesi
1078 1544 1281 1584 adhibitum
1309 1558 1384 1583 esse
1409 1543 1506 1582 dicit.
1527 1545 1656 1595 Brevi,
1678 1546 1877 1585 Phaonem

245 1607 364 1645 ideam
383 1609 528 1651 ,eamne-'uf
550 1606 594 1643 ab
617 1607 691 1657 ipsa
715 1619 822 1644 scena
847 1616 885 1646 et
912 1606 958 1645 ab
979 1607 1234 1647 imitationibus
1259 1605 1517 1658 personalibus
1537 1607 1671 1658 agentis
1693 1606 1874 1659 tragoediae

244 1670 432 1719 sumsisse,
463 1677 562 1718 patet
588 1680 633 1704 ex
656 1668 789 1718 modo,
819 1680 893 1718 quo
920 1668 1099 1707 dictiones
1125 1671 1314 1720 explanat,
1340 1677 1449 1718 atque
1475 1681 1522 1705 ex
1549 1669 1739 1707 universali
1762 1669 1875 1708 forma

244 1741 280 1769 et
304 1731 424 1781 lingua
445 1729 610 1767 omnium
639 1728 714 1779 ejus
738 1730 1019 1780 explicationum
1047 1739 1084 1767 et
1109 1730 1332 1767 allusionum.
1356 1735 1438 1765 Ἀλλ·
1453 1732 1518 1765 tn·
1531 1732 1567 1770 γέ
1584 1747 1646 1765 wa
1666 1733 1738 1776 λέγῃ
1757 1734 1876 1776 ῥῐνηᾶς

245 1807 288 1826 τις
313 1794 402 1825 ἄλλος
422 1795 455 1823 u*-
467 1815 475 1830 ‚
498 1790 534 1833 ἆῤ
551 1793 582 1822 ι’·
600 1790 665 1822 ’ὅτι
686 1792 789 1830 spond?
808 1791 889 1824 ἀντ-’ν
909 1791 1035 1831 wir-pn·
1055 1791 1100 1824 ἔτι
1117 1791 1227 1831 piatr-
1245 1790 1294 1826 η’,
1311 1792 1396 1823 ἐντ’-’ἱ
1415 1791 1485 1830 Aiga
1505 1792 1591 1834 σίἆςῃ
1608 1791 1636 1825 o'r
1653 1793 1685 1825 dr
1706 1795 1819 1838 προείπῃ
1839 1798 1874 1829 ἅς

242 1850 371 1889 ε’ροῶτα5
391 1846 524 1886 onio-opus.
538 1845 569 1877 τί
581 1844 652 1887 γαίῃ
674 1847 761 1878 ονίιοιῆ
779 1845 809 1877 τί
827 1860 861 1884 γι
881 1848 983 1886 Spe-tw*-
1005 1845 1099 1878 Cava-eir
1113 1845 1208 1887 ἄλλῃ,
1227 1846 1246 1881 ἶ
1258 1845 1334 1877 aurai
1350 1846 1435 1887 φαιῆν
1450 1846 1469 1882 οἵ
1486 1846 1564 1878 urai
1580 1850 1700 1888 αχιῗμι,
1721 1849 1870 1889 ,anfi-“went

245 1908 294 1939 σ’ςιι
317 1907 411 1936 ιἰιῦνοι
431 1903 454 1945 ᾖ
475 1903 506 1936 ἔν
530 1917 572 1937 τις
592 1905 681 1943 ipati}
696 1914 705 1941 ς
721 1918 749 1934 ι.
771 1917 798 1934 τ.
821 1912 849 1934 λ.
872 1901 947 1951 pol·
967 1901 1019 1937 ΠῙ
1041 1898 1179 1951 3930-

294 1964 436 2002 Eadem
467 1963 638 2001 allusione
663 1962 789 2012 saepius
819 1962 927 1999 utitur
953 1961 1000 2000 ad
1033 1959 1262 1999 indicandam
1278 1962 1533 2001 „imitationem
1561 1976 1650 2001 voce
1679 1973 1738 2016 aut
1768 1965 1875 2014 figura

245 2027 374 2065 actoris
401 2025 459 2063 vel
478 2023 686 2075 Rhapsodi,
711 2033 818 2074 atque
843 2024 915 2061 hoc
938 2023 1086 2074 quidem
1111 2022 1158 2060 ad
1186 2024 1369 2073 vilissimas
1395 2025 1620 2062 imitationes.

292 2089 402 2126 Plura
437 2085 484 2123 de
510 2086 705 2123 imitatione
745 2084 883 2124 disserit
916 2085 1033 2125 Plato
1063 2086 1102 2123 in
1136 2084 1214 2122 libr.
1248 2085 1294 2124 de
1321 2086 1505 2137 republica
1517 2113 1529 2134 ,
1565 2099 1645 2136 quae
1679 2097 1799 2125 tamen
1829 2088 1874 2124 ad

243 2150 418 2201 principia
444 2148 554 2198 magis
582 2148 761 2196 pertinere
785 2147 977 2198 videntur,
1004 2156 1129 2199 postea
1156 2147 1264 2197 igitur·
1297 2157 1332 2185 et
1365 2146 1412 2185 de
1445 2148 1518 2184 hoc
1548 2147 1630 2185 loco
1659 2148 1764 2185 fusius
1794 2162 1872 2186 sum

244 2212 411 2251 dicturus.
