2078 2790
254 261 307 303 72
753 259 782 288 Ι.
816 257 952 289 BUSCH
980 256 1136 289 KEISER
1164 256 1400 288 RESPONSIO

253 341 298 364 ex
323 328 491 365 omnibus
513 328 588 378 ejus
607 328 717 365 effatis
735 337 894 378 apparet.
918 329 1005 378 Ejus
1031 328 1202 369 sententia
1226 327 1276 365 de'
1300 327 1492 365 eminentia
1513 325 1885 376 dramaticoepoeseos

251 401 326 425 non
348 380 487 427 tantum
516 389 728 427 enunciatur
750 390 867 439 capite
895 390 1047 440 ultimo⁷
1072 389 1134 427 sed
1162 390 1296 439 ubique
1325 398 1377 426 est
1398 397 1531 425 notata.
1558 387 1712 438 Epicum
1736 386 1883 437 quidem

248 451 360 502 tangit
377 478 389 498 ,
411 450 498 488 moi
524 461 645 489 tamen
672 449 830 488 dimittit.
851 452 1248 502 Dramaticampoesin
1262 479 1274 501 ,
1292 461 1331 488 ut
1358 450 1583 502 peculiariter
1611 458 1765 497 μιμητικὴ
1797 462 1878 485 eum

250 511 520 563 considerasse,
547 522 646 565 patet
672 514 777 550 etiam
803 527 824 551 e
845 515 959 565 prima
983 512 1029 551 de
1062 514 1162 565 epica
1192 514 1265 551 sive
1297 513 1473 551 narrativa
1501 513 1709 550 imitationis
1733 511 1851 562 regula
1866 538 1877 560 ⁷

246 574 353 624 hujus
383 575 542 612 fabulam
570 574 765 613 dramatice
789 575 1082 627 componendam
1108 589 1207 625 esse,
1232 576 1284 612 uti
1310 576 1348 612 in
1369 572 1537 624 tragoedia
1564 574 1635 623 (ι).

279 636 457 688 ,Ερίευω
473 650 619 674 carmen
637 636 849 688 tragoediam
875 647 909 674 et
935 636 1151 675 comoediam
1175 637 1374 674 imitatione
1398 635 1582 673 centinere
1604 635 1696 673 infra
1714 633 1882 672 demons-

250 699 412 736 trabitur.
1446 694 1448 696 ¹

294 758 376 794 Alia
407 768 530 797 tamen
553 759 840 810 Dithyrambicae
865 773 1016 812 poeseos
1045 762 1136 799 ratio
1163 770 1241 811 est,
1268 773 1347 812 quae
1375 759 1479 797 variis
1503 757 1621 795 modis
1648 768 1701 796 est
1723 766 1878 808 accepta.

242 821 360 857 Pauca
381 833 469 858 vero
491 834 572 871 quoe
598 833 812 872 supersunt,
841 823 887 859 ad
919 823 1019 860 hunc
1048 822 1188 859 nodum
1220 821 1434 889 solvendum
1465 821 1668 891 sufficiunt,
1690 820 1730 856 iis
1754 819 1878 856 saltem

243 882 305 931 qui
328 880 574 919 difficultatem
598 882 675 919 tolli
696 882 923 921 contendunt
948 886 1013 932 (2).

291 944 349 980 Eo
376 944 458 981 loco
487 944 550 981 uhi
575 945 671 983 varia
701 945 842 995 objecta
871 946 1076 982 imitationis
1115 955 1278 982 recenset
1310 945 1557 995 Aristoteles,
1594 944 1871 994 Dithyrambica

242 1005 358 1053 poesis
389 1017 555 1054 expresse
591 1006 624 1041 ei
657 1004 786 1042 dicitur
819 1007 949 1042 imitari
984 1007 1164 1054 actiones,
1203 1007 1424 1043 characteres
1457 1015 1494 1042 et
1523 1012 1683 1055 mores,'
1703 1018 1804 1054 oeque
1834 1017 1875 1040 ac

242 1066 342 1115 epica
363 1078 404 1102 ac
433 1064 647 1102 dramatica:
673 1066 896 1116 peculiariter
911 1079 1000 1104 vero
1020 1068 1243 1105 mentionem
1272 1066 1353 1103 facit
1371 1067 1573 1103 Persarum
1596 1076 1632 1103 et
1655 1066 1874 1115 Cyclopum,

239 1127 374 1176 quippe
404 1139 494 1177 quos
514 1127 552 1162 in
576 1125 839 1179 dithyrambica
869 1139 905 1164 et
926 1129 1060 1164 comica
1086 1129 1187 1180 poesi
1215 1127 1426 1165 Timotheus
1443 1137 1480 1165 et
1494 1128 1726 1166 Philoxenus
1749 1127 1873 1164 imitati

238 1187 379 1225 fuerant
418 1188 486 1236 (3).
524 1187 755 1226 Concludere
788 1189 894 1239 igitur
922 1189 1025 1238 licet,
1058 1201 1140 1225 eum
1171 1188 1309 1226 hancce
1340 1200 1490 1239 poeseos
1527 1190 1682 1239 speciem
1720 1196 1874 1235 μιμηταὶ.

236 1249 422 1299 habuisse,
442 1251 523 1300 quia
548 1251 771 1288 narrationes
797 1251 1071 1303 mythologicae‚
1095 1263 1175 1301 quae
1198 1251 1380 1287 materiam
1398 1251 1439 1287 iis
1460 1250 1606 1301 hymnis
1627 1250 1872 1301 praebuerant7

235 1324 361 1347 revera
396 1320 515 1361 partes
546 1320 650 1348 erant
678 1307 819 1349 eorum'
835 1312 1014 1362 religionis
1031 1340 1042 1362 .,
1074 1325 1145 1350 nec
1183 1310 1394 1362 pendebant
1425 1312 1470 1349 ab
1486 1328 1487 1331 ¹
1506 1310 1722 1361 imaginandi
1755 1322 1873 1362 poetae

236 1372 427 1422 facultate3
454 1382 549 1422 tam,
566 1374 606 1410 in
628 1375 837 1411 extensione
856 1374 985 1410 harum
1010 1374 1243 1410 Historiarum
1257 1400 1268 1422 7
1290 1374 1328 1409 in
1361 1372 1602 1423 descriptione
1629 1370 1811 1410 actionum
1835 1384 1871 1411 et

239 1432 479 1472 delineatione
515 1434 762 1471 characterum
778 1462 789 1484 ‚
823 1435 985 1485 ipsorum
1013 1433 1167 1471 deorum
1207 1447 1284 1471 non
1315 1434 1458 1484 solum,
1477 1433 1552 1471 sed
1585 1434 1733 1471 aliorum
1764 1436 1868 1472 etiam

236 1495 390 1531 heroum
406 1522 418 1544 ‚
444 1495 628 1545 phantasia
652 1505 688 1532 et
713 1497 875 1533 inventio
899 1496 974 1541 eius
998 1497 1107 1545 magis
1139 1497 1302 1532 minusve
1325 1496 1375 1531 uti
1401 1495 1510 1532 licuit.
1556 1507 1559 1509 ·

287 1556 374 1592 Haec
391 1556 494 1605 igitur
512 1555 713 1593 secundum
737 1558 976 1595 Aristotelem
994 1567 1070 1595 erat
1089 1558 1258 1593 imitatio:
1276 1556 1391 1595 forma
1411 1557 1485 1607 ejus
1510 1557 1713 1595 imitationis
1735 1559 1864 1609 partim

200 1635 202 1638 ·
236 1626 296 1653 aut
325 1615 518 1655 dramatica
537 1646 548 1668 ⁷
587 1628 648 1655 aut
675 1619 881 1671 simpliciter
919 1632 1066 1656 narrans
1084 1647 1095 1669 7
1142 1632 1253 1668 quum
1287 1619 1362 1668 ipse
1398 1618 1555 1668 loquitur
1589 1629 1706 1671 poeta.
1736 1620 1867 1657 Poesin

236 1678 536 1730 dithyrambicam
558 1682 596 1717 in
619 1681 744 1731 primis
766 1680 875 1730 hujus
896 1681 999 1720 fuisse
1024 1681 1155 1733 speciei
1181 1682 1220 1717 in
1244 1680 1420 1719 Platonis
1445 1680 1552 1718 effato
1578 1680 1687 1719 latere
1722 1680 1864 1722 videtur

236 1742 297 1777 ubi
324 1753 474 1790 poeseos
507 1741 730 1781 devisionem
756 1743 968 1793 tripartitam
995 1740 1102 1791 dicit,
1130 1752 1166 1779 et
1199 1752 1367 1791 tanquam
1396 1737 1606 1791 exemplum*
1629 1745 1866 1792 narrationis,

235 1802 402 1852 Slmp1lcls
416 1800 693 1853 dithyramblam
705 1806 809 1842 ellat:
837 1824 851 1840 α
877 1812 957 1852 w‘po'i'f
980 1810 1039 1841 &alr
1063 1810 1099 1841 4ιὲ
1115 1824 1162 1844 την
1183 1818 1312 1848 puzan-1
1335 1812 1423 1841 zov's'r
1446 1808 1645 1851 Διθυράμβοῖς.
1666 1822 1681 1838 »
1706 1804 1761 1853 (4)
1773 1804 1866 1842 Illud

236 1874 347 1913 μιλίςι
356 1877 407 1906 mv·
419 1868 538 1907 tamen
558 1879 723 1916 magnam
733 1868 793 1903 hic
809 1867 944 1903 habere
954 1867 1028 1904 vim
1044 1864 1185 1902 videtur
1199 1865 1244 1901 ad
1256 1864 1467 1901 firmandam
1480 1865 1840 1913 aliamssconjecturam
1854 1894 1864 1915 ‚

234 1930 504 1981 dithyrambum
521 1941 656 1979 nempe
669 1926 850 1965 interdum
860 1928 1058 1964 imitantem
1079 1939 1152 1965 esse
1163 1954 1174 1976 ‚
1192 1927 1484 1976 arctissima7qua
1504 1926 1621 1964 Plato
1636 1926 1862 1976 accipiebat,

274 2050 321 2092 (1)
342 2048 410 2081 Τοδς
429 2047 535 2087 μύθους
559 2046 691 2087 καθιπὲρ
713 2049 738 2077 εἰν
760 2047 824 2079 rai}
844 2045 1015 2087 τραγῳδίαις
1035 2044 1232 2086 &papam-[uus.
1256 2046 1326 2087 Cap.
1344 2044 1458 2076 XXIII.

272 2105 323 2145 (2)
343 2103 424 2134 Sunt
438 2101 583 2132 enimalii
604 2102 658 2142 qui
670 2101 755 2131 hunc
775 2101 876 2130 locum
892 2100 1040 2141 explicari
1060 2109 1143 2140 posse
1162 2105 1296 2140 negant,
1317 2100 1362 2129 uti
1380 2101 1478 2129 Paul.
1492 2100 1611 2128 Benius
1631 2097 1740 2126 locum.
1762 2108 1791 2138 p.
1812 2098 1860 2139 59.

235 2171 249 2187 «
271 2156 320 2188 Sic
342 2167 414 2194 sane
425 2179 434 2194 ‚
450 2155 555 2197 inquit
567 2178 576 2193 ‚
596 2155 720 2195 ipsemet
738 2154 919 2184 Aristoteles
934 2152 1114 2184 excitandus
1136 2163 1195 2184 esse
1217 2152 1256 2183 ab
1278 2153 1382 2184 inseris
1393 2177 1402 2192 ,
1422 2153 1476 2194 qui
1486 2152 1571 2183 hunc
1591 2150 1717 2182 solveret
1727 2150 1842 2181 nodum
1853 2176 1862 2192 ‚

228 2227 243 2241 »
269 2223 359 2254 seque
380 2211 419 2241 ab
439 2201 543 2252 aperta
563 2209 654 2251 hujus
675 2208 757 2239 'modi
782 2210 986 2251 repugnantia
1008 2207 1150 2239 liberaret
1170 2220 1197 2239 n.

271 2266 315 2307 (3)
337 2268 384 2297 ’ος
406 2263 513 2304 nipe-45
536 2262 585 2293 καὶ
606 2262 762 2295 Komaia-n
781 2263 917 2304 Τι’μέθίος
939 2276 986 2293 nat
1006 2260 1156 2298 Φιλὸξηος.

272 2319 325 2361 (4)
345 2317 473 2362 Republ.
494 2318 545 2349 Ill.
567 2317 636 2359 394.
