2078 2790
262 192 320 245 84
375 204 404 233 1.
428 199 566 233 BUSCH
586 198 745 232 xersen
763 199 882 232 nnsp.
903 200 963 232 An
984 199 1158 241 Qum.
1171 198 1286 234 rm.
1308 198 1482 233 meon
1478 195 1660 251 mm.
1680 201 1792 235 nuu-

263 285 372 325 quare
393 273 474 323 jure
497 273 549 311 sic
567 273 726 323 loquitur
751 272 813 309 La
827 270 960 322 Harpe
973 272 1043 322 (ι).
1062 285 1081 308 ι
1097 270 1249 323 Lesprit
1264 270 1299 310 le
1314 271 1394 323 plus
1414 274 1526 323 vaste‘,
1543 280 1586 310 et
1603 257 1638 311 se
1654 269 1735 324 plui
1756 271 1899 321 dolare,

259 350 276 371 n
310 345 381 386 que
407 333 603 386 lan'tiquite
625 335 673 371 ait
693 347 762 384 eu,
781 334 966 384 Aristote.‚
987 332 1034 372 de
1055 334 1090 371 la
1114 333 1233 371 meme
1252 334 1375 385 main,
1401 331 1537 372 donuil
1559 333 1683 381 triaea'it
1703 331 1766 372 less
1781 345 1895 385 pm-

257 412 277 432 »
306 398 405 448 cipes
426 395 473 434 de
494 395 528 433 la
554 394 698 447 legique
712 423 724 447 ⁷
751 395 799 434 de
819 394 853 433 la
875 395 1049 447 politique
1076 406 1111 434 et
1136 394 1184 434 de
1211 395 1245 433 la
1272 396 1439 446 morale,
1449 395 1589 446 agave
1611 408 1704 447 pour
1721 395 1896 433 l’immor-

256 474 276 494 s>
306 459 403 496 talite
420 458 471 496 les
492 458 607 509 regles
625 459 841 496 essentielles
866 457 913 495 de
935 459 967 494 la
987 459 1157 509 poetique
1174 467 1210 495 et
1224 457 1317 496 dela
1338 458 1566 508 rhetor-iqixe‘3
1584 466 1621 495 et
1636 470 1706 495 son
1724 469 1895 508 ouvrage,

210 550 212 552 .
256 535 275 556 ι)
306 517 411 572 αῬιὲς
448 530 527 558 tant
557 520 604 557 de
639 519 761 557 siecles
792 520 956 570 revolas,
988 529 1041 557 est
1069 532 1201 558 encore
1232 520 1324 558 celui
1357 521 1420 571 qui
1444 520 1605 558 contient
1633 519 1686 558 les
1714 519 1895 558 meilleurs

259 599 280 619 ι
311 584 473 629 ᾀίέπιειιε
491 582 539 620 de
559 596 617 619 ces
642 582 739 619 deux
758 593 840 620 arts.
864 598 884 619 ιο

305 642 520 694 Negandum
547 641 695 693 quidem
728 657 806 681 non
833 655 907 693 est,
935 658 1017 681 eum
1045 655 1160 681 arctos
1186 645 1291 681 nimis
1319 645 1478 694 posuisse
1506 644 1635 681 limites
1662 645 1783 694 poesi,
1812 657 1892 680 eam

252 700 470 756 restrihgens
489 704 538 741 ad
558 705 796 742 imitationem
818 716 974 754 naturae,
998 704 1064 742 sed
1086 705 1159 743 hoc
1183 704 1269 744 inde
1293 708 1332 743 in
1359 707 1482 756 primis
1508 706 1765 756 proficiscitur,
1790 703 1891 756 quod

251 780 327 819 proe
351 766 488 804 caeteris
523 763 694 816 diligebat
719 764 950 803 dramaticam
974 779 1125 817 poeseos
1156 777 1307 818 partem.
1343 768 1445 818 Quid
1471 781 1560 806 vero
1583 768 1660 805 sine
1689 767 1889 804 imitatione

250 826 426 879 tragoedia
442 827 460 864 ἲ
481 847 540 857 --
564 828 743 865 Praeterea
768 829 837 867 tale
859 826 1033 879 judicium
1056 828 1104 867 de
1133 842 1180 867 eo
1212 830 1360 868 ferimus
1388 843 1434 868 ex
1466 830 1541 882 ejus
1566 829 1705 881 scriptis
1732 841 1812 881 quae
1840 826 1889 866 de

249 890 354 943 poesi
380 898 592 942 supersunt3
622 890 722 928 aliter
745 890 893 929 forsitan
916 890 1151 943 judicandum
1185 892 1302 945 foret,
1327 892 1356 931 si
1382 893 1504 933 omnia
1529 892 1607 944 illa,
1637 904 1718 945 quae
1749 889 1889 942 scripsit

249 954 427 1004 inspicere
451 953 587 991 liceret.
608 953 682 991 Sed
699 953 788 1005 quid
805 955 944 993 multa?
966 955 1024 993 Ex
1043 955 1130 994 locis
1149 969 1256 1008 supra
1273 955 1422 996 laudatis
1440 958 1521 995 satis
1544 966 1667 1009 patet,
1687 953 1886 994 Aristotelis

249 1024 431 1067 praecepta
455 1014 557 1066 quod
580 1013 628 1051 ad
643 1016 821 1067 principia
847 1017 989 1068 poetica
1006 1017 1121 1055 multo
1143 1031 1219 1069 prae
1241 1018 1452 1057 Platonicis
1473 1019 1655 1067 eminet-«³3
1670 1017 1772 1054 hune
1795 1028 1883 1054 vero

248 1076 299 1114 iffi
336 1083 504 1128 praestare
536 1076 576 1114 in
610 1074 786 1114 tradenda
821 1081 962 1115 ratione
995 1090 1169 1128 poeseos3
1198 1080 1246 1116 ita
1279 1088 1319 1117 ut
1355 1080 1385 1116 si
1417 1081 1496 1130 quis
1532 1080 1686 1117 auctoris
1716 1079 1856 1121 nescius
1872 1104 1885 1127 ‚

248 1139 365 1189 eapite
389 1146 514 1175 nostro
537 1139 586 1175 11.
612 1138 731 1187 lecto,
764 1137 811 1175 ad
840 1140 904 1176 ΙΠ.
926 1138 1238 1190 capuraccedan
1267 1139 1368 1178 haud
1392 1141 1467 1179 scio
1487 1154 1536 1179 an
1560 1140 1737 1180 Platonis
1756 1139 1887 1191 placita

247 1200 447 1239 Aristoteli
468 1199 666 1239 tributurus
689 1200 734 1238 sit
753 1200 859 1251 hujus
885 1202 1099 1241 sententiam
1119 1202 1261 1245 Platoni
1286 1201 1562 1253 adjudicaturus.

289 1331 335 1374 (x)
356 1332 455 1374 Lycee
472 1343 510 1362 ou
527 1344 614 1363 cours
633 1333 671 1363 de
691 1333 880 1372 litterature,
903 1344 932 1374 p.
958 1345 981 1363 1.

952 1737 1169 1775 TANTUM.
