2078 2790
225 314 254 353 6
613 315 616 321 “
723 318 760 346 1.·
775 317 912 347 BUSCH
949 314 1104 347 KEISER
1134 314 1369 346 RESPONSIO

225 393 311 432 inde
337 398 526 441 tempore,
550 388 648 428 nulla
665 388 816 439 amplius
835 386 1034 438 composuit
1057 392 1221 437 poemata
1234 416 1246 436 ,
1264 395 1300 425 et
1323 398 1402 436 quae
1424 383 1573 424 aderant
1588 385 1742 423 carmina
1760 398 1856 423 com-

225 453 356 503 bussit,
376 450 518 491 dicens:

615 500 735 539 '‘Hpunn
755 512 805 541 πρ
793 499 871 538 ι’“μ,ολ
890 497 964 538 ὅδε,
985 497 1101 529 marm»
1125 498 1151 529 νύ
1172 511 1199 529 τι
1222 498 1278 534 σι’ἶό
1299 511 1368 537 zat-1
1361 497 1424 538 ι’.ζιι

224 569 424 618 Supersunt
445 566 572 604 decem
596 568 868 615 epigrammata
881 563 979 615 apud
1002 564 1207 613 Diogenem
1222 565 1433 613 Laertium,
1460 576 1539 615 quae
1566 563 1744 614 probant,
1772 576 1853 600 eum

225 630 373 679 ingenio
389 629 534 679 poetico
550 640 626 664 non
643 626 793 663 omnino
810 624 1016 662 destitutum
1033 624 1148 661 fuisse.
1166 625 1279 674 Quod
1291 627 1320 661 si
1333 639 1352 661 a
1361 632 1481 676 poetae
1492 626 1640 663 nomine
1656 617 1852 675 destiterit,

224 691 419 729 lectionem
455 700 573 726 tamen
603 698 815 738 poetarum,
848 687 1021 736 imprimis
1052 687 1232 736 Homeri,
1260 687 1549 737 Aristophanis,
1586 697 1622 723 et
1651 688 1853 736 Sophronis

226 752 380 790 maxime
396 749 563 797 curabat,
576 759 612 787 et
623 763 667 786 cx
683 749 723 785 iis
732 776 742 795 ,
756 761 826 798 pro
839 758 940 797 parte
951 775 962 796 ,
976 748 1215 784 oeconomiam
1232 747 1461 784 dramaticam
1476 747 1699 797 dialogorum
1716 747 1851 785 didicit.

276 812 363 850 Post
382 810 533 850 Socratis
550 819 703 848 mortem
722 838 734 858 ,
763 822 783 846 a
802 807 901 858 cujus
916 807 1024 846 latere
1039 822 1106 859 per
1128 818 1211 846 octo
1226 822 1338 847 annos
1354 810 1413 847 vix
1426 808 1631 847 discesserat
1645 837 1656 857 ,
1672 809 1852 858 Megaram

226 886 264 912 se
282 872 457 922 contulit,
476 870 539 909 ubi
562 870 606 908 ab
627 869 782 908 Euclide
805 867 1023 908 dialecticam
1045 866 1193 907 edoctus
1208 879 1271 908 est.
1288 868 1457 919 Deinde,
1476 868 1523 907 ad
1543 869 1851 921 Pythagoreorum

225 935 354 985 placita
390 933 583 969 accuratius
616 930 866 981 cognoscenda
887 957 899 979 ,
934 931 974 967 in
1008 929 1165 981 Italiam
1204 940 1255 968 est
1282 930 1492 982 profectus,
1524 930 1645 983 ibique
1682 933 1851 976 Archrta

232 997 432 1033 Tarentino
443 1021 454 1042 ,
481 992 620 1029 Timoeo
642 992 767 1029 Locro
790 991 935 1043 aliisque
951 991 1026 1041 ejus
1046 977 1184 1029 familiae
1201 992 1423 1045 philosophis
1442 1006 1523 1031 usus
1540 1003 1592 1032 est
1610 994 1850 1045 familiariter,

225 1067 334 1106 atque
357 1056 402 1092 ab
424 1055 480 1091 his
504 1054 645 1090 multa
635 1066 674 1089 tn
699 1066 798 1089 suam
818 1052 1084 1103 philosophiam
1105 1053 1292 1090 transtulit.
1316 1054 1519 1105 ,Egyptum
1542 1067 1687 1106 quoque
1707 1055 1793 1094 adiit
1814 1066 1852 1099 ει

223 1132 243 1155 a
275 1115 527 1166 Sechnuphide
568 1113 856 1164 Hieropolitano
882 1114 1131 1164 AEgyptio'rum
1162 1109 1331 1164 sapientia
1362 1115 1517 1153 imbutus
1551 1126 1614 1155 est.
1646 1118 1719 1155 Ter
1751 1120 1851 1155 venit

224 1179 264 1216 in
289 1177 466 1227 Siciliam3
489 1176 543 1214 bis
556 1188 577 1212 a
598 1176 781 1226 Dionysio
803 1183 957 1225 tyranno
985 1175 1189 1224 arcessitus,
1215 1188 1298 1214 cum
1321 1176 1424 1215 Dion
1448 1176 1524 1226 ejus
1552 1176 1721 1216 audiendi
1752 1180 1851 1228 cupi-

224 1240 332 1276 ditate
362 1238 544 1289 flagraret:
576 1235 640 1273 sed
675 1234 776 1286 quod
808 1235 952 1272 liberius
983 1233 1031 1272 de
1057 1235 1216 1285 tyrannis
1248 1243 1285 1274 et
1322 1233 1513 1286 tyrannide
1537 1237 1749 1277 sententiam
1781 1238 1848 1278 di·-

223 1309 339 1348 ceret,
363 1301 403 1334 in
435 1300 611 1348 Dionysii
640 1297 790 1333 incurrit
827 1295 974 1346 odium,
1005 1296 1067 1347 qui
1100 1308 1181 1334 eum
1216 1294 1405 1336 crudeliter
1433 1296 1603 1337 violatum
1626 1298 1848 1346 ,venumda-i

218 1361 330 1411 jussit.
347 1360 470 1396 Tertio
492 1366 614 1395 tamen
625 1384 637 1407 ,
661 1358 797 1395 Dionis
812 1357 979 1407 precibus
998 1355 1173 1394 adductus
1186 1384 1198 1407 ,
1218 1355 1349 1396 eodem
1363 1355 1480 1396 rediit.
1497 1358 1674 1398 Tamdem
1693 1361 1848 1400 Athenis

220 1420 343 1459 sedem
373 1420 469 1466 fixit,
497 1419 619 1467 ibique
650 1419 689 1454 in
716 1416 913 1454 Academia
942 1417 1210 1467 philosophiam
1238 1417 1370 1455 docere
1400 1420 1558 1456 instituit.
1585 1422 1700 1458 Tanta
1729 1432 1848 1460 autem

220 1481 326 1531 hujus
357 1478 490 1516 scholae
520 1478 705 1524 celebritas
733 1477 800 1514 fuit
814 1505 826 1528 ,
857 1487 897 1514 ut
924 1491 971 1515 ex
1003 1479 1169 1516 omnibus
1194 1479 1397 1530 regionibus
1426 1479 1473 1517 ad
1506 1493 1588 1519 eum
1625 1482 1860 1523 confluerent·

221 1541 408 1591 discipuli,
435 1541 530 1575 inter
553 1551 642 1587 quos
664 1548 822 1575 oratores
849 1539 946 1575 fuere
974 1540 1163 1576 Isocrates
1189 1548 1224 1576 et
1250 1537 1513 1580 Demosthenes
1537 1543 1605 1592 (1).

992 1647 1077 1696 32.

808 1741 867 1776 De
884 1740 1034 1787 scriptis
1058 1736 1243 1774 Platonis.

270 1842 496 1898 Propositum
522 1842 727 1895 qtmstionis
749 1850 870 1879 vetare
899 1840 1043 1878 videtur
1073 1842 1237 1877 omnium
1263 1841 1438 1881 Platonis
1468 1854 1618 1896 operum
1632 1872 1644 1896 ,
1671 1846 1770 1898 quod
1799 1849 1846 1885 ad

221 1903 439 1950 authentiam
464 1916 499 1945 et
521 1912 770 1957 argumentum
791 1903 948 1955 pertinet
962 1931 973 1953 ‚
1003 1903 1273 1955 recensionem3
1300 1915 1370 1955 qua
1392 1905 1496 1957 igitur
1521 1904 1645 1953 relicta
1670 1911 1845 1948 nonnulla

221 1983 372 2010 monere
394 1969 497 2007 liceat
523 1967 571 2005 de
606 1975 777 2018 perversa
799 1963 1060 2015 interpretandi
1087 1964 1248 2016 ratione,
1272 1980 1340 2017 qua
1365 1966 1526 2019 plerique
1558 1970 1695 2021 antiqui
1722 1973 1845 2021 scrip-

220 2044 316 2072 tores
329 2059 341 2083 ‚
366 2036 676 2080 commentatores,
692 2036 728 2067 et
755 2028 966 2077 interpretes
998 2027 1052 2064 usi
1079 2035 1171 2065 sunt.
1202 2027 1323 2076 Quam
1352 2038 1476 2068 omnes
1496 2028 1579 2068 ,fere
1604 2033 1843 2081 recentiores,

219 2093 367 2142 imitati,
384 2091 506 2128 salsam
526 2090 603 2128 sine
627 2088 739 2125 dubio
762 2088 971 2140 opinionem
988 2095 1181 2138 severunt,
1202 2087 1389 2127 Platonem
1408 2090 1535 2141 poesin
1558 2089 1644 2129 odio
1661 2091 1845 2145 habuisse,

220 2155 505 2202 acerrimumque
529 2147 631 2187 ffiisse
653 2157 842 2200 poetarum
867 2149 1061 2186 inimicum.
1088 2149 1127 2185 Si
1155 2150 1243 2188 ullus
1270 2152 1366 2189 enim
1382 2179 1393 2201 ,
1413 2160 1491 2189 tum
1511 2158 1607 2191 certe
1638 2152 1756 2191 Plato
1775 2167 1844 2205 pro

262 2257 307 2299 (ι)
328 2258 509 2300 scriptores,
521 2258 576 2299 qui
591 2256 629 2287 de
649 2255 697 2286 his
712 2255 853 2287 omnibus
874 2262 1039 2297 testantur,
1054 2238 1197 2299 precipui
1217 2264 1287 2289 sunt
1308 2260 1399 2301 Πῶς.
1419 2261 1524 2291 Lam.
1541 2261 1601 2300 111,
1618 2261 1660 2302 4,
1684 2262 1715 2293 5:
1742 2264 1841 2306 obm-

215 2311 298 2351 piod.
319 2321 386 2352 pag.
411 2310 490 2351 384,
506 2310 584 2342 385:
603 2311 754 2341 AElianus
777 2311 826 2350 11,
850 2313 868 2342 3
882 2334 891 2350 ,
913 2312 952 2341 30
969 2318 1025 2343 cet.
1042 2312 1199 2353 Apulejue
1214 2335 1222 2351 ‚
1243 2323 1309 2355 pag.
1334 2313 1395 2344 366
1418 2324 1499 2356 seqq.
