<?xml version="1.0" encoding="UTF-8"?>
<!DOCTYPE html PUBLIC "-//W3C//DTD XHTML 1.0 Transitional//EN"
    "http://www.w3.org/TR/xhtml1/DTD/xhtml1-transitional.dtd">
<html xmlns="http://www.w3.org/1999/xhtml" xml:lang="en" lang="en">
 <head>
  <title>
</title>
<meta http-equiv="Content-Type" content="text/html;charset=utf-8" />
  <meta name='ocr-system' content='tesseract 3.04.00' />
  <meta name='ocr-capabilities' content='ocr_page ocr_carea ocr_par ocr_line ocrx_word'/>
</head>
<body>
  <div class='ocr_page' id='page_1' title='image "./4630580_0083.png"; bbox 0 0 2078 2754; ppageno 0'>
   <div class='ocr_carea' id='block_1_1' title="bbox 502 201 1893 257">
    <p class='ocr_par' dir='ltr' id='par_1_1' title="bbox 502 201 1893 257">
     <span class='ocr_line' id='line_1_1' title="bbox 502 201 1893 257; baseline -0.005 -7"><span class='ocrx_word' id='word_1_1' title='bbox 502 219 561 249; x_wconf 70' lang='lat' dir='ltr'>An</span> <span class='ocrx_word' id='word_1_2' title='bbox 592 215 761 257; x_wconf 75' lang='lat' dir='ltr'>QUAEs&#39;r.</span> <span class='ocrx_word' id='word_1_3' title='bbox 791 214 959 246; x_wconf 80' lang='lat' dir='ltr'>rmLos.</span> <span class='ocrx_word' id='word_1_4' title='bbox 995 213 1160 246; x_wconf 71' lang='lat' dir='ltr'>Tarson.</span> <span class='ocrx_word' id='word_1_5' title='bbox 1195 211 1254 245; x_wconf 78' lang='lat' dir='ltr'>ET</span> <span class='ocrx_word' id='word_1_6' title='bbox 1284 211 1428 245; x_wconf 74' lang='lat' dir='ltr'>erEn.</span> <span class='ocrx_word' id='word_1_7' title='bbox 1464 211 1637 244; x_wconf 67' lang='lat' dir='ltr'>numm.</span> <span class='ocrx_word' id='word_1_8' title='bbox 1842 201 1893 257; x_wconf 89' lang='lat'>75</span> 
     </span>
    </p>
   </div>
   <div class='ocr_carea' id='block_1_2' title="bbox 252 282 1909 2231">
    <p class='ocr_par' dir='ltr' id='par_1_2' title="bbox 252 282 1904 1312">
     <span class='ocr_line' id='line_1_2' title="bbox 253 282 1896 341; baseline -0.004 -13"><span class='ocrx_word' id='word_1_9' title='bbox 253 289 394 328; x_wconf 71' lang='lat' dir='ltr'>maratis</span> <span class='ocrx_word' id='word_1_10' title='bbox 424 297 633 341; x_wconf 86' lang='lat' dir='ltr'>poematum</span> <span class='ocrx_word' id='word_1_11' title='bbox 667 285 852 339; x_wconf 83' lang='lat' dir='ltr'>speciebus</span> <span class='ocrx_word' id='word_1_12' title='bbox 891 286 964 324; x_wconf 87' lang='lat' dir='ltr'>hoc</span> <span class='ocrx_word' id='word_1_13' title='bbox 999 285 1180 338; x_wconf 89' lang='lat' dir='ltr'>praecipue</span> <span class='ocrx_word' id='word_1_14' title='bbox 1219 283 1465 336; x_wconf 77' lang='lat' dir='ltr'>disquisitione</span> <span class='ocrx_word' id='word_1_15' title='bbox 1500 282 1638 335; x_wconf 86' lang='lat' dir='ltr'>indiget</span> <span class='ocrx_word' id='word_1_16' title='bbox 1651 311 1663 334; x_wconf 87' lang='lat'>,</span> <span class='ocrx_word' id='word_1_17' title='bbox 1700 295 1776 335; x_wconf 91' lang='lat' dir='ltr'>quo</span> <span class='ocrx_word' id='word_1_18' title='bbox 1814 283 1896 334; x_wconf 86' lang='lat' dir='ltr'>jure</span> 
     </span>
     <span class='ocr_line' id='line_1_3' title="bbox 252 348 1897 404; baseline -0.005 -12"><span class='ocrx_word' id='word_1_19' title='bbox 252 352 411 404; x_wconf 82' lang='lat' dir='ltr'>Dialogi</span> <span class='ocrx_word' id='word_1_20' title='bbox 432 352 620 390; x_wconf 68' lang='lat' dir='ltr'>Soa-utici</span> <span class='ocrx_word' id='word_1_21' title='bbox 639 351 678 388; x_wconf 89' lang='lat' dir='ltr'>in</span> <span class='ocrx_word' id='word_1_22' title='bbox 701 362 892 388; x_wconf 88' lang='lat' dir='ltr'>numerum</span> <span class='ocrx_word' id='word_1_23' title='bbox 918 358 1126 400; x_wconf 90' lang='lat' dir='ltr'>poematum</span> <span class='ocrx_word' id='word_1_24' title='bbox 1145 349 1379 387; x_wconf 80' lang='lat' dir='ltr'>metricorum</span> <span class='ocrx_word' id='word_1_25' title='bbox 1400 348 1620 398; x_wconf 84' lang='lat' dir='ltr'>referantur,</span> <span class='ocrx_word' id='word_1_26' title='bbox 1642 361 1753 398; x_wconf 85' lang='lat' dir='ltr'>quum</span> <span class='ocrx_word' id='word_1_27' title='bbox 1772 357 1897 385; x_wconf 81' lang='lat' dir='ltr'>tamen</span> 
     </span>
     <span class='ocr_line' id='line_1_4' title="bbox 253 411 1896 464; baseline -0.003 -12"><span class='ocrx_word' id='word_1_28' title='bbox 253 427 378 452; x_wconf 87' lang='lat' dir='ltr'>omnes</span> <span class='ocrx_word' id='word_1_29' title='bbox 401 412 671 464; x_wconf 76' lang='lat' dir='ltr'>Xenophontis,</span> <span class='ocrx_word' id='word_1_30' title='bbox 685 411 860 450; x_wconf 81' lang='lat' dir='ltr'>Platonis</span> <span class='ocrx_word' id='word_1_31' title='bbox 883 421 919 449; x_wconf 90' lang='lat' dir='ltr'>et</span> <span class='ocrx_word' id='word_1_32' title='bbox 935 411 1126 450; x_wconf 78' lang='lat' dir='ltr'>Aeschinis</span> <span class='ocrx_word' id='word_1_33' title='bbox 1146 423 1255 462; x_wconf 89' lang='lat' dir='ltr'>prosa</span> <span class='ocrx_word' id='word_1_34' title='bbox 1271 411 1434 449; x_wconf 87' lang='lat' dir='ltr'>oratione</span> <span class='ocrx_word' id='word_1_35' title='bbox 1453 411 1649 461; x_wconf 84' lang='lat' dir='ltr'>conscripti</span> <span class='ocrx_word' id='word_1_36' title='bbox 1668 411 1750 447; x_wconf 88' lang='lat' dir='ltr'>sint.</span> <span class='ocrx_word' id='word_1_37' title='bbox 1760 411 1896 448; x_wconf 85' lang='lat' dir='ltr'>Merito</span> 
     </span>
     <span class='ocr_line' id='line_1_5' title="bbox 254 472 1897 524; baseline -0.002 -10"><span class='ocrx_word' id='word_1_38' title='bbox 254 486 372 514; x_wconf 87' lang='lat' dir='ltr'>autem</span> <span class='ocrx_word' id='word_1_39' title='bbox 390 474 481 513; x_wconf 90' lang='lat' dir='ltr'>illud</span> <span class='ocrx_word' id='word_1_40' title='bbox 502 475 634 513; x_wconf 84' lang='lat' dir='ltr'>factum</span> <span class='ocrx_word' id='word_1_41' title='bbox 656 487 754 524; x_wconf 88' lang='lat' dir='ltr'>esse,</span> <span class='ocrx_word' id='word_1_42' title='bbox 775 472 883 511; x_wconf 88' lang='lat' dir='ltr'>docet</span> <span class='ocrx_word' id='word_1_43' title='bbox 901 473 1001 510; x_wconf 89' lang='lat' dir='ltr'>locus</span> <span class='ocrx_word' id='word_1_44' title='bbox 1018 486 1196 524; x_wconf 34' lang='lat' dir='ltr'>quemtex</span> <span class='ocrx_word' id='word_1_45' title='bbox 1214 472 1309 510; x_wconf 89' lang='lat' dir='ltr'>libro</span> <span class='ocrx_word' id='word_1_46' title='bbox 1328 472 1375 512; x_wconf 87' lang='lat' dir='ltr'>de</span> <span class='ocrx_word' id='word_1_47' title='bbox 1397 473 1513 523; x_wconf 84' lang='lat' dir='ltr'>poetis</span> <span class='ocrx_word' id='word_1_48' title='bbox 1529 474 1684 511; x_wconf 83' lang='lat' dir='ltr'>servavit</span> <span class='ocrx_word' id='word_1_49' title='bbox 1694 472 1897 511; x_wconf 65' lang='lat' dir='ltr'>Athenaeus</span> 
     </span>
     <span class='ocr_line' id='line_1_6' title="bbox 255 533 1899 588; baseline -0.002 -15"><span class='ocrx_word' id='word_1_50' title='bbox 255 539 278 574; x_wconf 89' lang='lat'>1.</span> <span class='ocrx_word' id='word_1_51' title='bbox 301 537 368 574; x_wconf 90' lang='lat' dir='ltr'>XI.</span> <span class='ocrx_word' id='word_1_52' title='bbox 401 550 438 588; x_wconf 86' lang='lat' dir='ltr'>p.</span> <span class='ocrx_word' id='word_1_53' title='bbox 470 537 566 587; x_wconf 83' lang='lat'>505,</span> <span class='ocrx_word' id='word_1_54' title='bbox 601 537 664 587; x_wconf 87' lang='lat' dir='ltr'>qui</span> <span class='ocrx_word' id='word_1_55' title='bbox 693 548 857 585; x_wconf 87' lang='lat' dir='ltr'>magnam</span> <span class='ocrx_word' id='word_1_56' title='bbox 882 535 968 571; x_wconf 90' lang='lat' dir='ltr'>huic</span> <span class='ocrx_word' id='word_1_57' title='bbox 996 535 1078 572; x_wconf 92' lang='lat' dir='ltr'>loco</span> <span class='ocrx_word' id='word_1_58' title='bbox 1108 536 1212 573; x_wconf 87' lang='lat' dir='ltr'>affert</span> <span class='ocrx_word' id='word_1_59' title='bbox 1237 534 1380 584; x_wconf 86' lang='lat' dir='ltr'>lucem,</span> <span class='ocrx_word' id='word_1_60' title='bbox 1410 533 1526 571; x_wconf 90' lang='lat' dir='ltr'>modo</span> <span class='ocrx_word' id='word_1_61' title='bbox 1546 534 1645 572; x_wconf 86' lang='lat' dir='ltr'>recte&#39;</span> <span class='ocrx_word' id='word_1_62' title='bbox 1672 534 1899 585; x_wconf 80' lang='lat' dir='ltr'>intelligatur.</span> 
     </span>
     <span class='ocr_line' id='line_1_7' title="bbox 259 594 1898 640; baseline 0 -12"><span class='ocrx_word' id='word_1_63' title='bbox 259 612 275 628; x_wconf 77' lang='grc' dir='ltr'>ι(</span> <span class='ocrx_word' id='word_1_64' title='bbox 296 598 490 640; x_wconf 64' lang='grc' dir='ltr'>Ἀριστοτίλης</span> <span class='ocrx_word' id='word_1_65' title='bbox 509 599 543 630; x_wconf 64' lang='grc' dir='ltr'>δι’</span> <span class='ocrx_word' id='word_1_66' title='bbox 560 601 584 630; x_wconf 62' lang='grc' dir='ltr'>ι’,</span> <span class='ocrx_word' id='word_1_67' title='bbox 605 601 652 640; x_wconf 55' lang='grc' dir='ltr'>τρί’</span> <span class='ocrx_word' id='word_1_68' title='bbox 662 597 723 640; x_wconf 66' lang='lat' dir='ltr'>rapi</span> <span class='ocrx_word' id='word_1_69' title='bbox 740 600 856 633; x_wconf 70' lang='grc' dir='ltr'>ποιητιῆ</span> <span class='ocrx_word' id='word_1_70' title='bbox 871 596 956 630; x_wconf 68' lang='lat' dir='ltr'>ola-ue</span> <span class='ocrx_word' id='word_1_71' title='bbox 975 596 1086 639; x_wconf 59' lang='grc' dir='ltr'>γράφει·</span> <span class='ocrx_word' id='word_1_72' title='bbox 1103 599 1193 630; x_wconf 62' lang='lat' dir='ltr'>oinos,</span> <span class='ocrx_word' id='word_1_73' title='bbox 1219 596 1284 629; x_wconf 63' lang='grc' dir='ltr'><em>ου’δι</em></span> <span class='ocrx_word' id='word_1_74' title='bbox 1304 594 1458 638; x_wconf 65' lang='grc' dir='ltr'>ι’μμίτμυς</span> <span class='ocrx_word' id='word_1_75' title='bbox 1478 599 1542 631; x_wconf 55' lang='grc' dir='ltr'>τοῖς</span> <span class='ocrx_word' id='word_1_76' title='bbox 1563 598 1748 636; x_wconf 68' lang='grc' dir='ltr'>κοιλοσμίιους</span> <span class='ocrx_word' id='word_1_77' title='bbox 1762 596 1898 638; x_wconf 66' lang='grc' dir='ltr'><em>Σᾶφμης</em></span> 
     </span>
     <span class='ocr_line' id='line_1_8' title="bbox 256 650 1904 695; baseline -0.001 -11"><span class='ocrx_word' id='word_1_78' title='bbox 256 665 272 681; x_wconf 86' lang='grc'>))</span> <span class='ocrx_word' id='word_1_79' title='bbox 297 653 346 684; x_wconf 66' lang='lat' dir='ltr'>zai</span> <span class='ocrx_word' id='word_1_80' title='bbox 367 653 499 695; x_wconf 64' lang='grc' dir='ltr'>Ξυέρχον</span> <span class='ocrx_word' id='word_1_81' title='bbox 519 653 622 694; x_wconf 62' lang='grc' dir='ltr'><strong><em>μίμους</em></strong></span> <span class='ocrx_word' id='word_1_82' title='bbox 645 652 685 689; x_wconf 60' lang='lat' dir='ltr'>aq*</span> <span class='ocrx_word' id='word_1_83' title='bbox 704 655 799 694; x_wconf 72' lang='grc' dir='ltr'>φιῦιυ</span> <span class='ocrx_word' id='word_1_84' title='bbox 819 650 883 683; x_wconf 64' lang='grc' dir='ltr'>εἶναι</span> <span class='ocrx_word' id='word_1_85' title='bbox 905 651 1003 689; x_wconf 55' lang='lat' dir='ltr'>Alyatte</span> <span class='ocrx_word' id='word_1_86' title='bbox 1023 651 1071 683; x_wconf 69' lang='lat' dir='ltr'>zai</span> <span class='ocrx_word' id='word_1_87' title='bbox 1090 651 1245 692; x_wconf 64' lang='grc' dir='ltr'>μιμῆσιις,</span> <span class='ocrx_word' id='word_1_88' title='bbox 1269 650 1288 687; x_wconf 50' lang='lat' dir='ltr'>q*</span> <span class='ocrx_word' id='word_1_89' title='bbox 1306 650 1369 685; x_wconf 66' lang='lat' dir='ltr'>rotie</span> <span class='ocrx_word' id='word_1_90' title='bbox 1386 651 1567 691; x_wconf 67' lang='grc' dir='ltr'>Αληξιμῖιου</span> <span class='ocrx_word' id='word_1_91' title='bbox 1589 654 1645 683; x_wconf 55' lang='lat' dir='ltr'>rw*</span> <span class='ocrx_word' id='word_1_92' title='bbox 1659 652 1740 686; x_wconf 61' lang='lat' dir='ltr'>&#39;rui-u</span> <span class='ocrx_word' id='word_1_93' title='bbox 1763 650 1826 685; x_wconf 57' lang='grc' dir='ltr'>ηδε</span> <span class='ocrx_word' id='word_1_94' title='bbox 1843 651 1904 693; x_wconf 69' lang='lat' dir='ltr'>aepo‘</span> 
     </span>
     <span class='ocr_line' id='line_1_9' title="bbox 258 704 1899 756; baseline 0 -15"><span class='ocrx_word' id='word_1_95' title='bbox 258 723 274 739; x_wconf 72' lang='lat' dir='ltr'>n</span> <span class='ocrx_word' id='word_1_96' title='bbox 299 725 362 744; x_wconf 74' lang='grc' dir='ltr'>τους</span> <span class='ocrx_word' id='word_1_97' title='bbox 390 710 548 753; x_wconf 66' lang='grc' dir='ltr'><strong><em>γραφίντις</em></strong></span> <span class='ocrx_word' id='word_1_98' title='bbox 573 714 625 743; x_wconf 70' lang='grc' dir='ltr'>τιῖι</span> <span class='ocrx_word' id='word_1_99' title='bbox 648 709 826 753; x_wconf 66' lang='grc' dir='ltr'>Σακμιτιίιω</span> <span class='ocrx_word' id='word_1_100' title='bbox 850 708 998 748; x_wconf 62' lang='grc' dir='ltr'>διαλέγων.</span> <span class='ocrx_word' id='word_1_101' title='bbox 1020 722 1036 740; x_wconf 73' lang='lat' dir='ltr'>n</span> <span class='ocrx_word' id='word_1_102' title='bbox 1068 706 1154 744; x_wconf 80' lang='lat' dir='ltr'>Haec</span> <span class='ocrx_word' id='word_1_103' title='bbox 1183 715 1307 743; x_wconf 76' lang='lat' dir='ltr'>utrum</span> <span class='ocrx_word' id='word_1_104' title='bbox 1333 705 1592 756; x_wconf 73' lang='lat' dir='ltr'>interrogative</span> <span class='ocrx_word' id='word_1_105' title='bbox 1612 718 1658 743; x_wconf 73' lang='lat' dir='ltr'>an</span> <span class='ocrx_word' id='word_1_106' title='bbox 1687 704 1899 743; x_wconf 74' lang='lat' dir='ltr'>affirmative</span> 
     </span>
     <span class='ocr_line' id='line_1_10' title="bbox 259 767 1902 820; baseline -0.001 -15"><span class='ocrx_word' id='word_1_107' title='bbox 259 769 490 820; x_wconf 82' lang='lat' dir='ltr'>accipiamus,</span> <span class='ocrx_word' id='word_1_108' title='bbox 513 769 605 807; x_wconf 91' lang='lat' dir='ltr'>nihil</span> <span class='ocrx_word' id='word_1_109' title='bbox 637 769 756 808; x_wconf 84' lang='lat' dir='ltr'>refert.</span> <span class='ocrx_word' id='word_1_110' title='bbox 786 768 846 807; x_wconf 83' lang='lat' dir='ltr'>Ex</span> <span class='ocrx_word' id='word_1_111' title='bbox 869 768 1058 807; x_wconf 81' lang='lat' dir='ltr'>collatione</span> <span class='ocrx_word' id='word_1_112' title='bbox 1083 782 1210 807; x_wconf 87' lang='lat' dir='ltr'>eorum</span> <span class='ocrx_word' id='word_1_113' title='bbox 1234 782 1322 806; x_wconf 86' lang='lat' dir='ltr'>cum</span> <span class='ocrx_word' id='word_1_114' title='bbox 1342 769 1425 808; x_wconf 79' lang='lat' dir='ltr'>loco</span> <span class='ocrx_word' id='word_1_115' title='bbox 1439 797 1452 819; x_wconf 85' lang='lat'>,</span> <span class='ocrx_word' id='word_1_116' title='bbox 1475 767 1524 806; x_wconf 87' lang='lat' dir='ltr'>de</span> <span class='ocrx_word' id='word_1_117' title='bbox 1544 781 1617 819; x_wconf 89' lang='lat' dir='ltr'>quo</span> <span class='ocrx_word' id='word_1_118' title='bbox 1642 781 1741 805; x_wconf 80' lang='lat' dir='ltr'>nunc</span> <span class='ocrx_word' id='word_1_119' title='bbox 1761 769 1876 817; x_wconf 82' lang='lat' dir='ltr'>agitur</span> <span class='ocrx_word' id='word_1_120' title='bbox 1890 796 1902 817; x_wconf 90' lang='lat'>,</span> 
     </span>
     <span class='ocr_line' id='line_1_11' title="bbox 258 825 1903 883; baseline 0 -16"><span class='ocrx_word' id='word_1_121' title='bbox 258 830 505 882; x_wconf 77' lang='lat' dir='ltr'>probabiliter,</span> <span class='ocrx_word' id='word_1_122' title='bbox 517 840 556 868; x_wconf 91' lang='lat' dir='ltr'>ut</span> <span class='ocrx_word' id='word_1_123' title='bbox 568 830 886 883; x_wconf 62' lang='lat' dir='ltr'>videtur,efficitur</span> <span class='ocrx_word' id='word_1_124' title='bbox 906 825 969 869; x_wconf 51' lang='lat'>4035</span> <span class='ocrx_word' id='word_1_125' title='bbox 987 834 1178 878; x_wconf 58' lang='lat' dir='ltr'>snm-lm,</span> <span class='ocrx_word' id='word_1_126' title='bbox 1198 835 1299 873; x_wconf 66' lang='grc' dir='ltr'><strong>λέγω,</strong></span> <span class='ocrx_word' id='word_1_127' title='bbox 1320 830 1381 868; x_wconf 91' lang='lat' dir='ltr'>hic</span> <span class='ocrx_word' id='word_1_128' title='bbox 1391 844 1468 868; x_wconf 88' lang='lat' dir='ltr'>non</span> <span class='ocrx_word' id='word_1_129' title='bbox 1482 829 1532 868; x_wconf 88' lang='lat' dir='ltr'>de</span> <span class='ocrx_word' id='word_1_130' title='bbox 1542 830 1710 867; x_wconf 88' lang='lat' dir='ltr'>omnibus</span> <span class='ocrx_word' id='word_1_131' title='bbox 1724 828 1903 880; x_wconf 84' lang='lat' dir='ltr'>Dialogis</span> 
     </span>
     <span class='ocr_line' id='line_1_12' title="bbox 260 892 1902 946; baseline -0.002 -16"><span class='ocrx_word' id='word_1_132' title='bbox 260 892 462 932; x_wconf 82' lang='lat' dir='ltr'>Socraticis</span> <span class='ocrx_word' id='word_1_133' title='bbox 477 892 749 944; x_wconf 84' lang='lat' dir='ltr'>intelligendum</span> <span class='ocrx_word' id='word_1_134' title='bbox 768 909 857 946; x_wconf 89' lang='lat' dir='ltr'>esse,</span> <span class='ocrx_word' id='word_1_135' title='bbox 870 893 934 933; x_wconf 89' lang='lat' dir='ltr'>sed</span> <span class='ocrx_word' id='word_1_136' title='bbox 951 895 1133 945; x_wconf 88' lang='lat' dir='ltr'>speciatim</span> <span class='ocrx_word' id='word_1_137' title='bbox 1153 894 1200 932; x_wconf 89' lang='lat' dir='ltr'>de</span> <span class='ocrx_word' id='word_1_138' title='bbox 1220 895 1260 931; x_wconf 86' lang='lat' dir='ltr'>iis</span> <span class='ocrx_word' id='word_1_139' title='bbox 1274 922 1286 943; x_wconf 89' lang='lat'>,</span> <span class='ocrx_word' id='word_1_140' title='bbox 1304 907 1394 944; x_wconf 90' lang='lat' dir='ltr'>quos</span> <span class='ocrx_word' id='word_1_141' title='bbox 1414 894 1670 931; x_wconf 76' lang='lat' dir='ltr'>Alexamenus</span> <span class='ocrx_word' id='word_1_142' title='bbox 1682 892 1842 942; x_wconf 77' lang='lat' dir='ltr'>scripsit,</span> <span class='ocrx_word' id='word_1_143' title='bbox 1856 892 1902 928; x_wconf 89' lang='lat' dir='ltr'>ab</span> 
     </span>
     <span class='ocr_line' id='line_1_13' title="bbox 260 954 1904 1006; baseline -0.001 -16"><span class='ocrx_word' id='word_1_144' title='bbox 260 954 357 1004; x_wconf 89' lang='lat' dir='ltr'>aliis,</span> <span class='ocrx_word' id='word_1_145' title='bbox 382 955 482 1005; x_wconf 84' lang='lat' dir='ltr'>quod</span> <span class='ocrx_word' id='word_1_146' title='bbox 504 955 551 992; x_wconf 88' lang='lat' dir='ltr'>ad</span> <span class='ocrx_word' id='word_1_147' title='bbox 569 956 743 1006; x_wconf 83' lang='lat' dir='ltr'>formam,</span> <span class='ocrx_word' id='word_1_148' title='bbox 763 955 943 995; x_wconf 86' lang='lat' dir='ltr'>diversos:</span> <span class='ocrx_word' id='word_1_149' title='bbox 965 956 1123 1006; x_wconf 84' lang='lat' dir='ltr'>alioquin</span> <span class='ocrx_word' id='word_1_150' title='bbox 1141 968 1219 993; x_wconf 92' lang='lat' dir='ltr'>non</span> <span class='ocrx_word' id='word_1_151' title='bbox 1245 954 1441 993; x_wconf 84' lang='lat' dir='ltr'>addidisset</span> <span class='ocrx_word' id='word_1_152' title='bbox 1464 964 1590 991; x_wconf 81' lang='lat' dir='ltr'>auctor</span> <span class='ocrx_word' id='word_1_153' title='bbox 1610 959 1674 992; x_wconf 63' lang='grc' dir='ltr'>ηδε</span> <span class='ocrx_word' id='word_1_154' title='bbox 1694 958 1814 999; x_wconf 54' lang='grc' dir='ltr'>πρίω-,υς</span> <span class='ocrx_word' id='word_1_155' title='bbox 1831 972 1904 999; x_wconf 64' lang='grc' dir='ltr'>γρε-</span> 
     </span>
     <span class='ocr_line' id='line_1_14' title="bbox 261 1015 1902 1067; baseline 0.001 -17"><span class='ocrx_word' id='word_1_156' title='bbox 261 1019 371 1059; x_wconf 64' lang='grc' dir='ltr'><strong><em>φίνης.</em></strong></span> <span class='ocrx_word' id='word_1_157' title='bbox 400 1016 565 1054; x_wconf 89' lang='lat' dir='ltr'>Efficitur</span> <span class='ocrx_word' id='word_1_158' title='bbox 599 1016 758 1067; x_wconf 87' lang='lat' dir='ltr'>denique</span> <span class='ocrx_word' id='word_1_159' title='bbox 786 1017 1013 1055; x_wconf 80' lang='lat' dir='ltr'>Alexameni</span> <span class='ocrx_word' id='word_1_160' title='bbox 1039 1015 1198 1067; x_wconf 84' lang='lat' dir='ltr'>dialogos</span> <span class='ocrx_word' id='word_1_161' title='bbox 1222 1018 1373 1054; x_wconf 87' lang='lat' dir='ltr'>metrice</span> <span class='ocrx_word' id='word_1_162' title='bbox 1411 1016 1633 1066; x_wconf 90' lang='lat' dir='ltr'>conscriptos</span> <span class='ocrx_word' id='word_1_163' title='bbox 1659 1016 1787 1065; x_wconf 78' lang='lat' dir='ltr'>fuisse3</span> <span class='ocrx_word' id='word_1_164' title='bbox 1819 1030 1902 1053; x_wconf 86' lang='lat' dir='ltr'>nam</span> 
     </span>
     <span class='ocr_line' id='line_1_15' title="bbox 259 1076 1903 1128; baseline 0.001 -15"><span class='ocrx_word' id='word_1_165' title='bbox 259 1083 413 1124; x_wconf 69' lang='grc' dir='ltr'>ἴμμέτμνς</span> <span class='ocrx_word' id='word_1_166' title='bbox 443 1079 583 1128; x_wconf 87' lang='lat' dir='ltr'>utrique</span> <span class='ocrx_word' id='word_1_167' title='bbox 608 1078 794 1115; x_wconf 88' lang='lat' dir='ltr'>sententiae</span> <span class='ocrx_word' id='word_1_168' title='bbox 820 1079 915 1128; x_wconf 89' lang='lat' dir='ltr'>parti</span> <span class='ocrx_word' id='word_1_169' title='bbox 940 1076 1212 1128; x_wconf 82' lang='lat' dir='ltr'>adjungendum</span> <span class='ocrx_word' id='word_1_170' title='bbox 1244 1091 1343 1126; x_wconf 90' lang='lat' dir='ltr'>esse,</span> <span class='ocrx_word' id='word_1_171' title='bbox 1373 1078 1448 1114; x_wconf 88' lang='lat' dir='ltr'>veri</span> <span class='ocrx_word' id='word_1_172' title='bbox 1477 1091 1585 1127; x_wconf 88' lang='lat' dir='ltr'>quam</span> <span class='ocrx_word' id='word_1_173' title='bbox 1608 1079 1763 1114; x_wconf 83' lang='lat' dir='ltr'>maxime</span> <span class='ocrx_word' id='word_1_174' title='bbox 1789 1078 1903 1114; x_wconf 89' lang='lat' dir='ltr'>simile</span> 
     </span>
     <span class='ocr_line' id='line_1_16' title="bbox 261 1136 1901 1190; baseline -0.001 -12"><span class='ocrx_word' id='word_1_175' title='bbox 261 1150 337 1190; x_wconf 70' lang='lat' dir='ltr'>est,</span> <span class='ocrx_word' id='word_1_176' title='bbox 360 1137 460 1190; x_wconf 86' lang='lat' dir='ltr'>quod</span> <span class='ocrx_word' id='word_1_177' title='bbox 483 1139 512 1175; x_wconf 91' lang='lat' dir='ltr'>si</span> <span class='ocrx_word' id='word_1_178' title='bbox 538 1139 611 1176; x_wconf 91' lang='lat' dir='ltr'>hoc</span> <span class='ocrx_word' id='word_1_179' title='bbox 632 1139 749 1176; x_wconf 87' lang='lat' dir='ltr'>minus</span> <span class='ocrx_word' id='word_1_180' title='bbox 769 1148 907 1177; x_wconf 85' lang='lat' dir='ltr'>certum</span> <span class='ocrx_word' id='word_1_181' title='bbox 926 1139 993 1189; x_wconf 65' lang='lat' dir='ltr'>sit,</span> <span class='ocrx_word' id='word_1_182' title='bbox 1012 1136 1177 1175; x_wconf 89' lang='lat' dir='ltr'>dubitare</span> <span class='ocrx_word' id='word_1_183' title='bbox 1204 1138 1328 1175; x_wconf 84' lang='lat' dir='ltr'>saltem</span> <span class='ocrx_word' id='word_1_184' title='bbox 1354 1151 1432 1176; x_wconf 91' lang='lat' dir='ltr'>non</span> <span class='ocrx_word' id='word_1_185' title='bbox 1455 1138 1563 1189; x_wconf 91' lang='lat' dir='ltr'>licet,</span> <span class='ocrx_word' id='word_1_186' title='bbox 1590 1140 1678 1189; x_wconf 90' lang='lat' dir='ltr'>quin</span> <span class='ocrx_word' id='word_1_187' title='bbox 1700 1138 1832 1190; x_wconf 84' lang='lat' dir='ltr'>dialogi</span> <span class='ocrx_word' id='word_1_188' title='bbox 1851 1140 1901 1177; x_wconf 89' lang='lat' dir='ltr'>illi</span> 
     </span>
     <span class='ocr_line' id='line_1_17' title="bbox 262 1199 1903 1252; baseline -0.001 -13"><span class='ocrx_word' id='word_1_189' title='bbox 262 1200 392 1239; x_wconf 87' lang='lat' dir='ltr'>eodem</span> <span class='ocrx_word' id='word_1_190' title='bbox 421 1201 591 1237; x_wconf 88' lang='lat' dir='ltr'>orationis</span> <span class='ocrx_word' id='word_1_191' title='bbox 613 1213 744 1250; x_wconf 87' lang='lat' dir='ltr'>genere</span> <span class='ocrx_word' id='word_1_192' title='bbox 766 1202 839 1238; x_wconf 88' lang='lat' dir='ltr'>sive</span> <span class='ocrx_word' id='word_1_193' title='bbox 860 1201 967 1250; x_wconf 85' lang='lat' dir='ltr'>ligato</span> <span class='ocrx_word' id='word_1_194' title='bbox 996 1201 1070 1238; x_wconf 90' lang='lat' dir='ltr'>sive</span> <span class='ocrx_word' id='word_1_195' title='bbox 1093 1199 1232 1248; x_wconf 80' lang='lat' dir='ltr'>soluto,</span> <span class='ocrx_word' id='word_1_196' title='bbox 1253 1213 1327 1249; x_wconf 91' lang='lat' dir='ltr'>quo</span> <span class='ocrx_word' id='word_1_197' title='bbox 1348 1199 1553 1249; x_wconf 80' lang='lat' dir='ltr'>Sophronis</span> <span class='ocrx_word' id='word_1_198' title='bbox 1578 1202 1678 1237; x_wconf 90' lang='lat' dir='ltr'>mimi</span> <span class='ocrx_word' id='word_1_199' title='bbox 1708 1203 1903 1252; x_wconf 79' lang='lat' dir='ltr'>conscripti</span> 
     </span>
     <span class='ocr_line' id='line_1_18' title="bbox 262 1259 1513 1312; baseline -0.001 -13"><span class='ocrx_word' id='word_1_200' title='bbox 262 1263 416 1311; x_wconf 87' lang='lat' dir='ltr'>fuerint,</span> <span class='ocrx_word' id='word_1_201' title='bbox 441 1261 509 1298; x_wconf 87' lang='lat' dir='ltr'>hos</span> <span class='ocrx_word' id='word_1_202' title='bbox 532 1271 651 1299; x_wconf 86' lang='lat' dir='ltr'>autem</span> <span class='ocrx_word' id='word_1_203' title='bbox 678 1262 827 1299; x_wconf 83' lang='lat' dir='ltr'>metrice</span> <span class='ocrx_word' id='word_1_204' title='bbox 849 1261 955 1299; x_wconf 87' lang='lat' dir='ltr'>fuisse</span> <span class='ocrx_word' id='word_1_205' title='bbox 980 1262 1132 1311; x_wconf 90' lang='lat' dir='ltr'>scriptos</span> <span class='ocrx_word' id='word_1_206' title='bbox 1156 1259 1301 1298; x_wconf 88' lang='lat' dir='ltr'>abunde</span> <span class='ocrx_word' id='word_1_207' title='bbox 1323 1270 1420 1312; x_wconf 88' lang='lat' dir='ltr'>patet</span> <span class='ocrx_word' id='word_1_208' title='bbox 1444 1262 1513 1312; x_wconf 85' lang='lat'>(1).</span> 
     </span>
    </p>

    <p class='ocr_par' dir='ltr' id='par_1_3' title="bbox 264 1323 1907 1562">
     <span class='ocr_line' id='line_1_19' title="bbox 313 1323 1906 1375; baseline 0 -13"><span class='ocrx_word' id='word_1_209' title='bbox 313 1325 418 1362; x_wconf 82' lang='lat' dir='ltr'>Hisce</span> <span class='ocrx_word' id='word_1_210' title='bbox 452 1332 571 1361; x_wconf 83' lang='lat' dir='ltr'>autem</span> <span class='ocrx_word' id='word_1_211' title='bbox 608 1324 791 1374; x_wconf 84' lang='lat' dir='ltr'>assumtis,</span> <span class='ocrx_word' id='word_1_212' title='bbox 828 1336 907 1362; x_wconf 90' lang='lat' dir='ltr'>non</span> <span class='ocrx_word' id='word_1_213' title='bbox 942 1323 1122 1360; x_wconf 88' lang='lat' dir='ltr'>immerito</span> <span class='ocrx_word' id='word_1_214' title='bbox 1169 1323 1330 1373; x_wconf 81' lang='lat' dir='ltr'>Dialogi</span> <span class='ocrx_word' id='word_1_215' title='bbox 1365 1323 1571 1374; x_wconf 84' lang='lat' dir='ltr'>Socratici,</span> <span class='ocrx_word' id='word_1_216' title='bbox 1610 1325 1728 1375; x_wconf 87' lang='lat' dir='ltr'>quales</span> <span class='ocrx_word' id='word_1_217' title='bbox 1769 1327 1906 1363; x_wconf 88' lang='lat' dir='ltr'>scilicet</span> 
     </span>
     <span class='ocr_line' id='line_1_20' title="bbox 264 1384 1907 1437; baseline 0 -13"><span class='ocrx_word' id='word_1_218' title='bbox 264 1386 519 1424; x_wconf 74' lang='lat' dir='ltr'>Alexamenus</span> <span class='ocrx_word' id='word_1_219' title='bbox 551 1385 759 1437; x_wconf 85' lang='lat' dir='ltr'>scripserat,</span> <span class='ocrx_word' id='word_1_220' title='bbox 792 1385 859 1423; x_wconf 92' lang='lat' dir='ltr'>sub</span> <span class='ocrx_word' id='word_1_221' title='bbox 889 1385 1038 1422; x_wconf 90' lang='lat' dir='ltr'>nomine</span> <span class='ocrx_word' id='word_1_222' title='bbox 1070 1384 1268 1435; x_wconf 88' lang='lat' dir='ltr'>Epopoeiae</span> <span class='ocrx_word' id='word_1_223' title='bbox 1299 1384 1409 1423; x_wconf 85' lang='lat' dir='ltr'>latere</span> <span class='ocrx_word' id='word_1_224' title='bbox 1442 1384 1636 1437; x_wconf 86' lang='lat' dir='ltr'>videntur,</span> <span class='ocrx_word' id='word_1_225' title='bbox 1665 1400 1747 1425; x_wconf 90' lang='lat' dir='ltr'>cum</span> <span class='ocrx_word' id='word_1_226' title='bbox 1767 1400 1907 1425; x_wconf 89' lang='lat' dir='ltr'>nomen</span> 
     </span>
     <span class='ocr_line' id='line_1_21' title="bbox 264 1445 1906 1499; baseline -0.001 -12"><span class='ocrx_word' id='word_1_227' title='bbox 264 1447 353 1487; x_wconf 86' lang='lat' dir='ltr'>illud</span> <span class='ocrx_word' id='word_1_228' title='bbox 379 1458 452 1486; x_wconf 86' lang='lat' dir='ltr'>tam</span> <span class='ocrx_word' id='word_1_229' title='bbox 477 1448 546 1487; x_wconf 89' lang='lat' dir='ltr'>late</span> <span class='ocrx_word' id='word_1_230' title='bbox 576 1457 719 1498; x_wconf 85' lang='lat' dir='ltr'>pateat,</span> <span class='ocrx_word' id='word_1_231' title='bbox 745 1458 784 1485; x_wconf 92' lang='lat' dir='ltr'>ut</span> <span class='ocrx_word' id='word_1_232' title='bbox 805 1456 972 1498; x_wconf 87' lang='lat' dir='ltr'>poemata</span> <span class='ocrx_word' id='word_1_233' title='bbox 998 1446 1188 1497; x_wconf 86' lang='lat' dir='ltr'>quaelibet,</span> <span class='ocrx_word' id='word_1_234' title='bbox 1220 1445 1377 1484; x_wconf 87' lang='lat' dir='ltr'>melodia</span> <span class='ocrx_word' id='word_1_235' title='bbox 1421 1457 1539 1486; x_wconf 90' lang='lat' dir='ltr'>autem</span> <span class='ocrx_word' id='word_1_236' title='bbox 1568 1448 1735 1486; x_wconf 88' lang='lat' dir='ltr'>destituta</span> <span class='ocrx_word' id='word_1_237' title='bbox 1751 1478 1763 1499; x_wconf 90' lang='lat'>,</span> <span class='ocrx_word' id='word_1_238' title='bbox 1801 1463 1906 1487; x_wconf 90' lang='lat' dir='ltr'>com-</span> 
     </span>
     <span class='ocr_line' id='line_1_22' title="bbox 265 1510 451 1562; baseline -0.005 -14"><span class='ocrx_word' id='word_1_239' title='bbox 265 1510 451 1562; x_wconf 86' lang='lat' dir='ltr'>plectatur.</span> 
     </span>
    </p>

    <p class='ocr_par' dir='ltr' id='par_1_4' title="bbox 254 1571 1908 1981">
     <span class='ocr_line' id='line_1_23' title="bbox 319 1571 1907 1623; baseline 0.002 -13"><span class='ocrx_word' id='word_1_240' title='bbox 319 1572 433 1623; x_wconf 84' lang='lat' dir='ltr'>Quod</span> <span class='ocrx_word' id='word_1_241' title='bbox 458 1585 546 1611; x_wconf 86' lang='lat' dir='ltr'>vero</span> <span class='ocrx_word' id='word_1_242' title='bbox 581 1571 628 1610; x_wconf 93' lang='lat' dir='ltr'>ad</span> <span class='ocrx_word' id='word_1_243' title='bbox 664 1572 949 1611; x_wconf 83' lang='lat' dir='ltr'>enuntiationem</span> <span class='ocrx_word' id='word_1_244' title='bbox 978 1573 1025 1611; x_wconf 87' lang='lat' dir='ltr'>de</span> <span class='ocrx_word' id='word_1_245' title='bbox 1062 1571 1285 1623; x_wconf 84' lang='lat' dir='ltr'>Empedocle</span> <span class='ocrx_word' id='word_1_246' title='bbox 1319 1572 1467 1622; x_wconf 88' lang='lat' dir='ltr'>attinet,</span> <span class='ocrx_word' id='word_1_247' title='bbox 1498 1571 1730 1612; x_wconf 90' lang='lat' dir='ltr'>statuendum</span> <span class='ocrx_word' id='word_1_248' title='bbox 1766 1575 1907 1613; x_wconf 85' lang='lat' dir='ltr'>videtur</span> 
     </span>
     <span class='ocr_line' id='line_1_24' title="bbox 268 1632 1908 1688; baseline 0.001 -15"><span class='ocrx_word' id='word_1_249' title='bbox 268 1635 506 1673; x_wconf 80' lang='lat' dir='ltr'>Aristotelem</span> <span class='ocrx_word' id='word_1_250' title='bbox 543 1644 750 1684; x_wconf 84' lang='lat' dir='ltr'>argumenta</span> <span class='ocrx_word' id='word_1_251' title='bbox 787 1648 886 1673; x_wconf 88' lang='lat' dir='ltr'>mere</span> <span class='ocrx_word' id='word_1_252' title='bbox 925 1635 1117 1672; x_wconf 85' lang='lat' dir='ltr'>scientifica</span> <span class='ocrx_word' id='word_1_253' title='bbox 1156 1635 1196 1670; x_wconf 90' lang='lat' dir='ltr'>in</span> <span class='ocrx_word' id='word_1_254' title='bbox 1234 1634 1334 1684; x_wconf 87' lang='lat' dir='ltr'>poesi</span> <span class='ocrx_word' id='word_1_255' title='bbox 1372 1632 1565 1672; x_wconf 84' lang='lat' dir='ltr'>admittere</span> <span class='ocrx_word' id='word_1_256' title='bbox 1605 1636 1759 1673; x_wconf 89' lang='lat' dir='ltr'>noluisse</span> <span class='ocrx_word' id='word_1_257' title='bbox 1772 1664 1783 1685; x_wconf 93' lang='lat'>,</span> <span class='ocrx_word' id='word_1_258' title='bbox 1810 1640 1908 1688; x_wconf 90' lang='lat' dir='ltr'>atqui</span> 
     </span>
     <span class='ocr_line' id='line_1_25' title="bbox 267 1694 1906 1748; baseline 0.001 -14"><span class='ocrx_word' id='word_1_259' title='bbox 267 1697 373 1748; x_wconf 89' lang='lat' dir='ltr'>igitur</span> <span class='ocrx_word' id='word_1_260' title='bbox 396 1709 481 1735; x_wconf 90' lang='lat' dir='ltr'>eum</span> <span class='ocrx_word' id='word_1_261' title='bbox 502 1704 620 1747; x_wconf 81' lang='lat' dir='ltr'>poetae</span> <span class='ocrx_word' id='word_1_262' title='bbox 652 1708 790 1736; x_wconf 88' lang='lat' dir='ltr'>nomen</span> <span class='ocrx_word' id='word_1_263' title='bbox 822 1696 1041 1746; x_wconf 84' lang='lat' dir='ltr'>Empedocli</span> <span class='ocrx_word' id='word_1_264' title='bbox 1070 1694 1320 1746; x_wconf 79' lang='lat' dir='ltr'>denegavisse3</span> <span class='ocrx_word' id='word_1_265' title='bbox 1346 1697 1430 1747; x_wconf 88' lang='lat' dir='ltr'>quia</span> <span class='ocrx_word' id='word_1_266' title='bbox 1471 1706 1607 1734; x_wconf 88' lang='lat' dir='ltr'>naturae</span> <span class='ocrx_word' id='word_1_267' title='bbox 1634 1697 1906 1748; x_wconf 88' lang='lat' dir='ltr'>philosophiam</span> 
     </span>
     <span class='ocr_line' id='line_1_26' title="bbox 269 1754 1907 1810; baseline 0.001 -13"><span class='ocrx_word' id='word_1_268' title='bbox 269 1760 409 1810; x_wconf 84' lang='lat' dir='ltr'>poetice</span> <span class='ocrx_word' id='word_1_269' title='bbox 430 1756 604 1795; x_wconf 83' lang='lat' dir='ltr'>tradebat.</span> <span class='ocrx_word' id='word_1_270' title='bbox 625 1778 672 1786; x_wconf 92' lang='lat'>—</span> <span class='ocrx_word' id='word_1_271' title='bbox 691 1758 750 1794; x_wconf 92' lang='lat' dir='ltr'>Sic</span> <span class='ocrx_word' id='word_1_272' title='bbox 769 1759 866 1796; x_wconf 89' lang='lat' dir='ltr'>enim</span> <span class='ocrx_word' id='word_1_273' title='bbox 893 1754 1028 1795; x_wconf 88' lang='lat' dir='ltr'>tollitur</span> <span class='ocrx_word' id='word_1_274' title='bbox 1054 1770 1172 1809; x_wconf 87' lang='lat' dir='ltr'>pugna</span> <span class='ocrx_word' id='word_1_275' title='bbox 1195 1769 1275 1807; x_wconf 88' lang='lat' dir='ltr'>quae</span> <span class='ocrx_word' id='word_1_276' title='bbox 1306 1760 1527 1809; x_wconf 91' lang='lat' dir='ltr'>caeteroquin</span> <span class='ocrx_word' id='word_1_277' title='bbox 1551 1758 1691 1795; x_wconf 89' lang='lat' dir='ltr'>obtinet</span> <span class='ocrx_word' id='word_1_278' title='bbox 1716 1759 1790 1797; x_wconf 91' lang='lat' dir='ltr'>hoc</span> <span class='ocrx_word' id='word_1_279' title='bbox 1813 1762 1907 1799; x_wconf 88' lang='lat' dir='ltr'>inter</span> 
     </span>
     <span class='ocr_line' id='line_1_27' title="bbox 270 1818 1907 1871; baseline 0.001 -14"><span class='ocrx_word' id='word_1_280' title='bbox 270 1830 305 1858; x_wconf 88' lang='lat' dir='ltr'>et</span> <span class='ocrx_word' id='word_1_281' title='bbox 332 1818 428 1857; x_wconf 89' lang='lat' dir='ltr'>aliud</span> <span class='ocrx_word' id='word_1_282' title='bbox 454 1819 501 1857; x_wconf 86' lang='lat' dir='ltr'>de</span> <span class='ocrx_word' id='word_1_283' title='bbox 527 1818 749 1870; x_wconf 83' lang='lat' dir='ltr'>Empedocle</span> <span class='ocrx_word' id='word_1_284' title='bbox 773 1818 973 1870; x_wconf 86' lang='lat' dir='ltr'>judicium,</span> <span class='ocrx_word' id='word_1_285' title='bbox 994 1818 1089 1871; x_wconf 89' lang='lat' dir='ltr'>apud</span> <span class='ocrx_word' id='word_1_286' title='bbox 1109 1819 1218 1870; x_wconf 82' lang='lat' dir='ltr'>Diog.</span> <span class='ocrx_word' id='word_1_287' title='bbox 1245 1819 1365 1858; x_wconf 91' lang='lat' dir='ltr'>Laert.</span> <span class='ocrx_word' id='word_1_288' title='bbox 1400 1822 1498 1860; x_wconf 90' lang='lat' dir='ltr'>VIII.</span> <span class='ocrx_word' id='word_1_289' title='bbox 1529 1820 1587 1871; x_wconf 86' lang='lat'>57.</span> <span class='ocrx_word' id='word_1_290' title='bbox 1614 1838 1629 1854; x_wconf 93' lang='lat'>«</span> <span class='ocrx_word' id='word_1_291' title='bbox 1651 1828 1693 1856; x_wconf 74' lang='lat' dir='ltr'>&#39;E-</span> <span class='ocrx_word' id='word_1_292' title='bbox 1722 1826 1756 1857; x_wconf 72' lang='grc' dir='ltr'>δὲ</span> <span class='ocrx_word' id='word_1_293' title='bbox 1780 1831 1826 1870; x_wconf 53' lang='lat' dir='ltr'>29ss</span> <span class='ocrx_word' id='word_1_294' title='bbox 1847 1831 1907 1869; x_wconf 63' lang='grc' dir='ltr'>περὶ</span> 
     </span>
     <span class='ocr_line' id='line_1_28' title="bbox 254 1881 1906 1927; baseline 0.003 -14"><span class='ocrx_word' id='word_1_295' title='bbox 254 1897 286 1913; x_wconf 74' lang='grc' dir='ltr'>,η</span> <span class='ocrx_word' id='word_1_296' title='bbox 311 1886 428 1920; x_wconf 58' lang='grc' dir='ltr'>ποιῇ-ναῖ’,</span> <span class='ocrx_word' id='word_1_297' title='bbox 447 1882 527 1923; x_wconf 59' lang='grc' dir='ltr'><strong><em>φήσιν</em></strong></span> <span class='ocrx_word' id='word_1_298' title='bbox 546 1881 760 1925; x_wconf 62' lang='grc' dir='ltr'>Ἀριστοτέλης,</span> <span class='ocrx_word' id='word_1_299' title='bbox 777 1882 821 1915; x_wconf 67' lang='lat' dir='ltr'>iri</span> <span class='ocrx_word' id='word_1_300' title='bbox 846 1882 895 1914; x_wconf 68' lang='lat' dir='ltr'>zai</span> <span class='ocrx_word' id='word_1_301' title='bbox 916 1883 1059 1926; x_wconf 69' lang='grc' dir='ltr'><strong><em>Ὀμῆμκος</em></strong></span> <span class='ocrx_word' id='word_1_302' title='bbox 1083 1884 1095 1914; x_wconf 73' lang='grc' dir='ltr'><em>ὅ</em></span> <span class='ocrx_word' id='word_1_303' title='bbox 1119 1882 1315 1922; x_wconf 67' lang='grc' dir='ltr'>Ἐμπὲδαλης</span> <span class='ocrx_word' id='word_1_304' title='bbox 1339 1883 1389 1916; x_wconf 63' lang='grc' dir='ltr'>καὶ</span> <span class='ocrx_word' id='word_1_305' title='bbox 1408 1883 1491 1917; x_wconf 68' lang='grc' dir='ltr'><strong><em>δἐιίος</em></strong></span> <span class='ocrx_word' id='word_1_306' title='bbox 1513 1883 1576 1925; x_wconf 64' lang='grc' dir='ltr'>περὶ</span> <span class='ocrx_word' id='word_1_307' title='bbox 1594 1884 1645 1919; x_wconf 59' lang='grc' dir='ltr'>τὶν</span> <span class='ocrx_word' id='word_1_308' title='bbox 1668 1884 1764 1927; x_wconf 60' lang='grc' dir='ltr'>φράσιν</span> <span class='ocrx_word' id='word_1_309' title='bbox 1787 1886 1906 1927; x_wconf 70' lang='grc' dir='ltr'><em>γίγοη,</em></span> 
     </span>
     <span class='ocr_line' id='line_1_29' title="bbox 272 1937 1540 1981; baseline -0.003 -9"><span class='ocrx_word' id='word_1_310' title='bbox 272 1952 286 1968; x_wconf 74' lang='lat'>¹¹</span> <span class='ocrx_word' id='word_1_311' title='bbox 312 1938 498 1981; x_wconf 67' lang='grc' dir='ltr'>μιτιιφὸρικος</span> <span class='ocrx_word' id='word_1_312' title='bbox 515 1952 546 1970; x_wconf 77' lang='grc' dir='ltr'>τι</span> <span class='ocrx_word' id='word_1_313' title='bbox 565 1937 598 1971; x_wconf 60' lang='grc' dir='ltr'>ὅν</span> <span class='ocrx_word' id='word_1_314' title='bbox 609 1963 618 1979; x_wconf 87' lang='lat'>,</span> <span class='ocrx_word' id='word_1_315' title='bbox 635 1937 684 1970; x_wconf 69' lang='lat' dir='ltr'>zai</span> <span class='ocrx_word' id='word_1_316' title='bbox 702 1939 760 1972; x_wconf 68' lang='grc' dir='ltr'>τοῖς</span> <span class='ocrx_word' id='word_1_317' title='bbox 779 1937 880 1973; x_wconf 65' lang='grc' dir='ltr'><strong><em>ἔλλοῗς</em></strong></span> <span class='ocrx_word' id='word_1_318' title='bbox 895 1938 958 1981; x_wconf 64' lang='grc' dir='ltr'>περὶ</span> <span class='ocrx_word' id='word_1_319' title='bbox 975 1938 1114 1974; x_wconf 60' lang='lat' dir='ltr'>romum),</span> <span class='ocrx_word' id='word_1_320' title='bbox 1141 1937 1331 1975; x_wconf 66' lang='lat' dir='ltr'>s&#39;mrsu‘yxarr</span> <span class='ocrx_word' id='word_1_321' title='bbox 1352 1938 1501 1981; x_wconf 65' lang='lat' dir='ltr'>xpaipunf.</span> <span class='ocrx_word' id='word_1_322' title='bbox 1524 1952 1540 1968; x_wconf 75' lang='lat' dir='ltr'>n</span> 
     </span>
    </p>

    <p class='ocr_par' dir='ltr' id='par_1_5' title="bbox 271 1992 1909 2231">
     <span class='ocr_line' id='line_1_30' title="bbox 320 1992 1908 2044; baseline 0.002 -13"><span class='ocrx_word' id='word_1_323' title='bbox 320 1995 381 2032; x_wconf 89' lang='lat' dir='ltr'>De</span> <span class='ocrx_word' id='word_1_324' title='bbox 398 1994 534 2044; x_wconf 83' lang='lat' dir='ltr'>origine</span> <span class='ocrx_word' id='word_1_325' title='bbox 558 2002 594 2031; x_wconf 89' lang='lat' dir='ltr'>et</span> <span class='ocrx_word' id='word_1_326' title='bbox 615 1992 831 2044; x_wconf 79' lang='lat' dir='ltr'>etymologia</span> <span class='ocrx_word' id='word_1_327' title='bbox 854 1993 1179 2044; x_wconf 81' lang='lat' dir='ltr'>Dithyramborum</span> <span class='ocrx_word' id='word_1_328' title='bbox 1198 2001 1234 2030; x_wconf 90' lang='lat' dir='ltr'>et</span> <span class='ocrx_word' id='word_1_329' title='bbox 1258 1992 1493 2029; x_wconf 83' lang='lat' dir='ltr'>Nomicorum</span> <span class='ocrx_word' id='word_1_330' title='bbox 1512 1993 1632 2030; x_wconf 90' lang='lat' dir='ltr'>multis</span> <span class='ocrx_word' id='word_1_331' title='bbox 1651 1992 1825 2033; x_wconf 88' lang='lat' dir='ltr'>disserere</span> <span class='ocrx_word' id='word_1_332' title='bbox 1846 1996 1908 2033; x_wconf 91' lang='lat' dir='ltr'>hic</span> 
     </span>
     <span class='ocr_line' id='line_1_31' title="bbox 271 2053 1909 2107; baseline 0.001 -13"><span class='ocrx_word' id='word_1_333' title='bbox 271 2056 364 2094; x_wconf 90' lang='lat' dir='ltr'>nihil</span> <span class='ocrx_word' id='word_1_334' title='bbox 396 2056 543 2106; x_wconf 85' lang='lat' dir='ltr'>attinet,</span> <span class='ocrx_word' id='word_1_335' title='bbox 572 2068 654 2093; x_wconf 89' lang='lat' dir='ltr'>oum</span> <span class='ocrx_word' id='word_1_336' title='bbox 683 2056 746 2094; x_wconf 83' lang='lat' dir='ltr'>vix</span> <span class='ocrx_word' id='word_1_337' title='bbox 771 2068 814 2093; x_wconf 86' lang='lat' dir='ltr'>ac</span> <span class='ocrx_word' id='word_1_338' title='bbox 840 2069 888 2094; x_wconf 91' lang='lat' dir='ltr'>ne</span> <span class='ocrx_word' id='word_1_339' title='bbox 914 2057 977 2094; x_wconf 85' lang='lat' dir='ltr'>vix</span> <span class='ocrx_word' id='word_1_340' title='bbox 1001 2053 1145 2107; x_wconf 83' lang='lat' dir='ltr'>quidem</span> <span class='ocrx_word' id='word_1_341' title='bbox 1171 2067 1219 2091; x_wconf 84' lang='lat' dir='ltr'>ex</span> <span class='ocrx_word' id='word_1_342' title='bbox 1239 2064 1402 2092; x_wconf 83' lang='lat' dir='ltr'>veterum</span> <span class='ocrx_word' id='word_1_343' title='bbox 1422 2055 1580 2107; x_wconf 86' lang='lat' dir='ltr'>reliquiis</span> <span class='ocrx_word' id='word_1_344' title='bbox 1611 2056 1747 2107; x_wconf 90' lang='lat' dir='ltr'>aliquid</span> <span class='ocrx_word' id='word_1_345' title='bbox 1762 2056 1809 2093; x_wconf 93' lang='lat' dir='ltr'>ad</span> <span class='ocrx_word' id='word_1_346' title='bbox 1835 2058 1909 2095; x_wconf 88' lang='lat' dir='ltr'>hoc</span> 
     </span>
     <span class='ocr_line' id='line_1_32' title="bbox 271 2116 1906 2169; baseline 0.001 -13"><span class='ocrx_word' id='word_1_347' title='bbox 271 2131 383 2169; x_wconf 88' lang='lat' dir='ltr'>genus</span> <span class='ocrx_word' id='word_1_348' title='bbox 415 2119 623 2169; x_wconf 87' lang='lat' dir='ltr'>pertinens,</span> <span class='ocrx_word' id='word_1_349' title='bbox 650 2118 811 2169; x_wconf 85' lang='lat' dir='ltr'>supersit.</span> <span class='ocrx_word' id='word_1_350' title='bbox 833 2116 990 2158; x_wconf 86' lang='lat' dir='ltr'>Videtur</span> <span class='ocrx_word' id='word_1_351' title='bbox 1015 2127 1132 2155; x_wconf 85' lang='lat' dir='ltr'>autem</span> <span class='ocrx_word' id='word_1_352' title='bbox 1155 2117 1417 2167; x_wconf 83' lang='lat' dir='ltr'>Dithyrambus</span> <span class='ocrx_word' id='word_1_353' title='bbox 1443 2119 1635 2168; x_wconf 79' lang='lat' dir='ltr'>antiquitus</span> <span class='ocrx_word' id='word_1_354' title='bbox 1666 2120 1704 2155; x_wconf 88' lang='lat' dir='ltr'>in</span> <span class='ocrx_word' id='word_1_355' title='bbox 1723 2119 1906 2158; x_wconf 89' lang='lat' dir='ltr'>honorem</span> 
     </span>
     <span class='ocr_line' id='line_1_33' title="bbox 273 2178 1909 2231; baseline 0.002 -15"><span class='ocrx_word' id='word_1_356' title='bbox 273 2179 417 2217; x_wconf 79' lang='lat' dir='ltr'>Bacchi</span> <span class='ocrx_word' id='word_1_357' title='bbox 434 2207 446 2229; x_wconf 91' lang='lat'>,</span> <span class='ocrx_word' id='word_1_358' title='bbox 482 2192 613 2218; x_wconf 86' lang='lat' dir='ltr'>nomos</span> <span class='ocrx_word' id='word_1_359' title='bbox 641 2189 759 2218; x_wconf 88' lang='lat' dir='ltr'>autem</span> <span class='ocrx_word' id='word_1_360' title='bbox 784 2180 823 2217; x_wconf 86' lang='lat' dir='ltr'>in</span> <span class='ocrx_word' id='word_1_361' title='bbox 853 2180 1040 2231; x_wconf 84' lang='lat' dir='ltr'>Apollinis</span> <span class='ocrx_word' id='word_1_362' title='bbox 1071 2178 1214 2216; x_wconf 87' lang='lat' dir='ltr'>laudem</span> <span class='ocrx_word' id='word_1_363' title='bbox 1248 2180 1493 2230; x_wconf 72' lang='lat' dir='ltr'>conscriptus,</span> <span class='ocrx_word' id='word_1_364' title='bbox 1533 2182 1584 2216; x_wconf 85' lang='lat' dir='ltr'>nti</span> <span class='ocrx_word' id='word_1_365' title='bbox 1611 2179 1718 2217; x_wconf 89' lang='lat' dir='ltr'>tradit</span> <span class='ocrx_word' id='word_1_366' title='bbox 1745 2182 1909 2220; x_wconf 78' lang='lat' dir='ltr'>Procius</span> 
     </span>
    </p>
   </div>
   <div class='ocr_carea' id='block_1_3' title="bbox 314 2269 1907 2337">
    <p class='ocr_par' dir='ltr' id='par_1_6' title="bbox 314 2269 1907 2337">
     <span class='ocr_line' id='line_1_34' title="bbox 314 2269 1907 2337; baseline 0 -16"><span class='ocrx_word' id='word_1_367' title='bbox 314 2291 360 2332; x_wconf 77' lang='grc' dir='ltr'>(ι)</span> <span class='ocrx_word' id='word_1_368' title='bbox 384 2292 428 2322; x_wconf 90' lang='lat' dir='ltr'>De</span> <span class='ocrx_word' id='word_1_369' title='bbox 446 2292 612 2333; x_wconf 87' lang='lat' dir='ltr'>Sophronis</span> <span class='ocrx_word' id='word_1_370' title='bbox 635 2269 742 2325; x_wconf 45' lang='lat' dir='ltr'>mimisx</span> <span class='ocrx_word' id='word_1_371' title='bbox 756 2292 794 2325; x_wconf 83' lang='lat' dir='ltr'>cf.</span> <span class='ocrx_word' id='word_1_372' title='bbox 814 2293 858 2325; x_wconf 79' lang='lat' dir='ltr'>nl.</span> <span class='ocrx_word' id='word_1_373' title='bbox 884 2295 1077 2325; x_wconf 82' lang='lat' dir='ltr'>Valckenaer</span> <span class='ocrx_word' id='word_1_374' title='bbox 1093 2293 1128 2323; x_wconf 86' lang='lat' dir='ltr'>in</span> <span class='ocrx_word' id='word_1_375' title='bbox 1150 2287 1298 2323; x_wconf 84' lang='lat' dir='ltr'>Theocrit.</span> <span class='ocrx_word' id='word_1_376' title='bbox 1324 2292 1415 2332; x_wconf 87' lang='lat' dir='ltr'>Idyll.</span> <span class='ocrx_word' id='word_1_377' title='bbox 1437 2292 1550 2333; x_wconf 84' lang='lat' dir='ltr'>(Lugd.</span> <span class='ocrx_word' id='word_1_378' title='bbox 1568 2292 1632 2322; x_wconf 82' lang='lat' dir='ltr'>Bat.</span> <span class='ocrx_word' id='word_1_379' title='bbox 1658 2295 1767 2336; x_wconf 83' lang='lat'>1773.)</span> <span class='ocrx_word' id='word_1_380' title='bbox 1784 2306 1814 2337; x_wconf 83' lang='lat' dir='ltr'>p.</span> <span class='ocrx_word' id='word_1_381' title='bbox 1839 2307 1907 2327; x_wconf 81' lang='lat'>200,</span> 
     </span>
    </p>
   </div>
  </div>
 </body>
</html>
