2078 2790
233 295 288 338 30
733 306 761 335 1.
787 305 923 337 ausen
954 304 1111 337 mser.
1141 304 1378 339 ResroNsm

239 376 432 427 composita
462 383 514 413 est
535 375 752 425 Apologia,
778 375 825 413 de
851 375 950 425 cujus
981 376 1117 426 origine
1142 385 1176 413 et
1205 376 1412 416 charactere
1440 391 1539 417 mere
1567 380 1725 418 oratorio
1747 380 1877 433 dispu-

236 440 300 475 tari
325 449 402 475 non
430 447 560 488 potest.
654 477 662 482 ,

280 499 334 536 Ne
353 500 453 537 enim
486 500 643 550 Gorgioe
670 497 805 536 dictum
828 512 864 549 p.
892 499 986 549 521,
1011 499 1072 535 hic
1092 512 1210 537 rursus
1240 511 1440 540 memorem
1454 530 1466 552 ,
1492 503 1645 541 sufficiet
1669 506 1849 542 monuisse
1863 532 1875 555 ,

232 561 329 599 illam
350 561 445 599 nihil
468 561 545 600 sere
568 562 778 612 continere,
804 562 873 602 nisi
901 561 1132 612 paraphrasin
1156 562 1370 612 placitorum
1390 564 1648 615 Xenophontis
1673 576 1709 604 et
1727 557 1874 618 quidem

232 622 489 675 immodicam,
507 637 607 662 mere
628 623 844 661 rhetoricam
866 633 902 661 et
923 622 1022 660 nullo
1047 622 1301 674 philosophico
1321 639 1427 663 sensu
1449 625 1648 677 praeditam.
1668 628 1876 679 Xenophon

233 684 321 723 dicit
345 686 500 724 Memor.
528 687 664 723 socrat·
694 687 748 725 IV
778 687 813 723 8.
844 699 870 735 9
898 690 946 725 τὼ
978 689 1055 725 δίκην
1084 690 1264 726 ἆληθίι-τιτι
1295 691 1344 724 auin
1377 695 1593 735 ι’ληίιμῖτιτα
1618 694 1667 726 nai
1704 694 1873 728 &cumbran

231 754 320 784 ‘'m-5.
354 747 564 786 Secundum
601 748 674 786 hoc
708 752 891 789 ἀληθέι-ητα
923 757 1046 785 auctor
1086 748 1223 798 voluit,
1263 757 1304 787 ut
1335 751 1510 790 Socrates
1547 752 1681 803 pluries
1715 754 1873 804 profite-

230 820 353 860 retur,
379 811 496 861 ipsum
516 810 637 849 dicere
667 825 819 862 verum,
840 826 876 862 p.
902 812 951 862 69
973 816 1050 855 ὁμεῖς
1070 815 1165 856 δ’ἵμω
1187 813 1244 862 (1)
1266 817 1414 850 ἄκουε-ἑή.
1437 833 1485 854 τη,
1503 819 1631 856 ἀλόκων
1651 830 1686 869 p.
1709 817 1757 854 82
1779 826 1872 854 πῶς»

231 881 293 918 ν’μῒι
315 893 363 913 την
383 878 511 913 elmodan
533 881 591 919 ι’μῖἶ
616 887 652 924 p.
681 888 750 925 129
770 883 863 911 παῖε-ιιι
885 878 948 912 «iun
973 880 1019 915 τήν
1045 880 1171 915 ἀλήθειαν
1193 880 1249 917 lyci
1282 880 1368 914 ιῖποι.
1391 877 1499 914 conf·
1523 878 1608 930 68⁴,-
1624 881 1696 930 82,
1719 882 1791 932 87,
1812 881 1871 931 95.

237 937 340 976 Alios
365 951 454 976 vero
479 938 621 976 mentiri
647 951 683 988 p.
707 939 781 989 67,
812 951 859 989 72
894 948 971 976 caet.
999 940 1043 976 In
1074 939 1192 977 multis
1225 939 1298 977 aliis
1329 939 1417 978 locis
1442 940 1551 978 etiam
1573 953 1674 980 mere
1699 944 1872 981 oratorios

231 1013 269 1036 se
296 999 421 1050 prodit
441 1014 563 1037 sensus
589 1010 625 1036 et
653 1012 732 1049 quae
751 1001 847 1037 male
873 1002 1038 1038 successit
1061 1002 1211 1038 imitatio
1234 1002 1422 1040 Platonis.
1444 1002 1504 1039 Sic
1520 1002 1722 1053 Mythicum
1738 1005 1871 1041 incon—

233 1063 339 1100 cinne
375 1061 579 1099 adhibitum
611 1071 664 1099 est
694 1062 732 1098 in
759 1062 919 1100 oratione
948 1061 995 1100 ad
1029 1061 1280 1101 defensionem
1304 1064 1434 1114 scripta
1458 1066 1699 1109 ‹imputem-usin«
1736 1079 1775 1116 p.
1804 1065 1873 1112 154

212 1124 363 1172 fabula
381 1124 527 1161 oraculi
544 1123 716 1173 Delphici
729 1136 765 1174 p.
786 1124 854 1174 83,
875 1124 1079 1174 appellatio
1099 1125 1154 1161 ad
1172 1124 1351 1162 Achillem
1371 1138 1408 1176 p.
1436 1139 1525 1176 109,
1539 1128 1684 1177 judices
1704 1130 1785 1165 orci
1804 1127 1872 1163 158

227 1188 441 1236 congressio
464 1197 549 1222 cum
581 1184 753 1234 Orpheo⁷
781 1186 928 1220 Mmoeo
941 1212 952 1233 ,
981 1185 1151 1222 Hesiodo
1174 1194 1217 1222 et
1236 1186 1443 1223 Palamede
1464 1200 1502 1237 p.
1532 1188 1602 1237 159
1618 1189 1687 1237 (2).

276 1248 452 1283 Praeterea
482 1246 566 1282 falsa
598 1246 711 1281 ironia
743 1245 905 1296 inprimis
929 1244 1046 1282 elucet
1076 1245 1158 1281 loco
1185 1258 1221 1296 p.
1245 1245 1294 1291 84
1317 1266 1363 1273 -
1387 1258 1431 1296 91
1449 1274 1461 1297 ,
1489 1247 1552 1283 ubi
1579 1248 1757 1286 Socrates
1779 1260 1870 1285 ora-

232 1310 320 1360 culi,
342 1308 444 1360 quod
466 1322 548 1348 eum
571 1308 868 1358 sapientissimum
898 1308 1192 1358 pronuntiaverat
1214 1308 1354 1356 virum,
1369 1309 1599 1346 veracitatem
1622 1310 1776 1360 explicat
1797 1311 1869 1360 (3).

228 1372 385 1408 Futilitas
413 1380 450 1408 et
475 1371 619 1422 jactatio
644 1370 716 1420 jam
746 1377 871 1420 patent
894 1382 939 1406 ex
963 1370 1137 1406 sermonis
1162 1369 1381 1407 extensione.
1406 1369 1464 1406 Sic
1489 1370 1664 1408 Socrates
1688 1369 1867 1422 declarat,

228 1448 266 1471 se
298 1447 372 1470 esse
396 1435 514 1470 virum
541 1432 723 1470 celebrem
760 1441 796 1469 et
829 1432 1004 1482 insignem
1027 1433 1092 1477 (81
1110 1459 1122 1482 ,
1147 1444 1220 1482 9ο,
1258 1432 1351 1480 136)
1378 1429 1654 1470 destinationem
1683 1446 1784 1470 suam
1807 1433 1869 1471 di-

226 1498 349 1533 vinam
376 1499 390 1543 (
409 1497 499 1544 120)
521 1495 659 1546 optime
687 1507 724 1531 se
745 1507 820 1531 esse
843 1493 891 1531 de
913 1494 1001 1531 urbe
1019 1495 1210 1543 meritum,
1240 1494 1361 1542 (116,
1386 1506 1478 1544 119,
1504 1494 1600 1542 142)
1628 1483 1699 1545 qua
1719 1505 1869 1546 propter

229 1572 267 1596 se
298 1571 374 1595 esse
416 1558 626 1594 insectatum
655 1566 692 1593 et
727 1556 881 1593 invisum
919 1557 935 1605 (
951 1568 1016 1606 ¹07
1054 1557 1164 1606 seq.)
1198 1556 1314 1592 Porro
1348 1556 1559 1606 sapientiam
1596 1556 1663 1594 sibi
1698 1556 1868 1595 adscribit

231 1622 329 1670 (82,
367 1618 440 1668 83,
478 1620 557 1667 84)
590 1629 626 1656 et
659 1618 706 1655 de
744 1619 914 1668 sapientia
957 1618 1197 1668 sophistarum
1236 1618 1394 1668 sceptico
1437 1617 1595 1668 loquitur
1633 1617 1775 1668 modo,
1806 1621 1867 1669 qui

228 1694 305 1718 non
349 1680 419 1717 nisi
451 1679 654 1730 superbiam
678 1678 825 1716 indicat.
865 1679 968 1727 Quid
991 1680 1087 1716 enim
1115 1677 1211 1715 aliud
1244 1688 1319 1729 est⁷
1358 1691 1471 1729 quum
1515 1691 1552 1715 se
1589 1679 1710 1730 ipsum
1741 1680 1866 1731 aliquis

228 1743 421 1794 deprimit,
447 1752 595 1779 caeteros
620 1753 708 1778 vero
729 1740 831 1778 simul
850 1742 960 1790 magis
985 1740 1164 1789 declinat,
1179 1754 1286 1790 quam
1310 1742 1462 1777 oratoria
1483 1741 1536 1776 sui
1557 1741 1664 1790 ipsius
1686 1740 1865 1792 laudatio,

232 1820 312 1858 quae
335 1807 363 1843 si
383 1805 477 1843 serio
497 1812 656 1840 sumatur
677 1815 779 1840 vanae
805 1801 966 1852 gloriolae
990 1800 1111 1838 similis
1130 1810 1203 1851 est,
1233 1798 1297 1837 sed
1317 1801 1347 1837 si
1364 1813 1433 1851 pro
1457 1810 1579 1852 aperta
1599 1803 1864 1841 asseveratione

229 1866 437 1920 accipienda
463 1877 537 1917 est,
565 1866 819 1917 ingenuitatem
839 1863 995 1913 indicat3
1029 1876 1132 1914 quae,
1162 1863 1253 1900 male
1276 1863 1460 1901 observata
1485 1863 1650 1902 antithesi
1675 1866 1729 1902 sui
1756 1866 1863 1917 ipsius

232 1930 479 1968 declinationis
513 1939 548 1966 et
586 1928 774 1979 suiipsius
807 1926 1021 1963 laudationis
1063 1927 1200 1975 (quum
1232 1939 1365 1976 nempe
1393 1926 1567 1964 Socrates
1598 1940 1637 1965 se
1670 1926 1859 1964 indoctum

225 1993 434 2043 pronuntiat
446 2020 457 2041 ,
486 1991 591 2028 simul
614 2001 736 2027 tamen
753 1990 946 2039 sapientior
972 1988 1106 2025 caeteris
1123 1989 1288 2025 omnibus
1300 2016 1311 2036 ,
1332 2001 1369 2025 se
1390 1989 1507 2039 ipsum
1526 1989 1632 2037 igitur
1649 1988 1840 2027 indoctum
1854 2017 1864 2037 ‚

231 2053 530 2107 sapientissimum
560 2050 670 2102 dicit)
699 2051 878 2089 comicum
905 2059 1059 2101 superat.

273 2118 312 2152 Si
350 2117 456 2165 igitur
491 2115 679 2162 Apologiae
713 2115 849 2149 auctori
884 2115 1071 2149 consilium
1102 2112 1188 2159 fuit,
1222 2114 1414 2149 Socratem
1446 2112 1625 2148 ironicum
1658 2112 1863 2161 pingendi,

267 2203 311 2247 (1)
332 2204 380 2236 Sic
411 2213 484 2234 cum
512 2201 556 2232 D.
589 2200 783 2242 Chryso-stom.
811 2199 877 2232 adv.
906 2211 1040 2242 oppugn.
1069 2199 1139 2231 vitae
1166 2205 1292 2231 monast.
1313 2200 1376 2240 111,
1405 2210 1441 2231 ιο
1463 2198 1531 2232 loco
1557 2197 1658 2239 δέμον(
1681 2200 1747 2239 ι’μόἰι
1778 2200 1860 2231 enim

225 2260 390 2300 opponitur
411 2256 597 2298 praecedenti
619 2254 702 2285 οἷτιι.

267 2311 313 2355 (2)
333 2312 376 2342 Cf.
395 2310 572 2352 Xenophon.
594 2309 723 2339 Memor.
744 2308 804 2346 IV,
827 2319 864 2348 2,
885 2309 925 2339 33
946 2308 1070 2350 Apolog.
1093 2306 1115 2349 §⁸
1138 2306 1186 2337 26.

265 2367 311 2409 (3)
332 2366 401 2398 Vid.
423 2367 487 2396 Leo
506 2365 611 2396 Allat.
631 2363 670 2394 ad
690 2363 785 2405 Epist.
805 2363 941 2394 Socratis.
961 2374 990 2404 p.
1014 2374 1070 2393 221
1095 2361 1186 2392 Orell.
