2078 2790
460 185 518 216 AD
548 181 716 223 QUAEST.
750 180 917 212 PHILOS.
950 178 1113 211 THEOR.
1145 178 1202 210 ET
1232 178 1374 210 LITER.
1409 179 1580 211 HUMAN.
1790 170 1839 212 31

207 256 359 308 pessime
381 254 471 293 illud
492 255 527 292 ei
552 254 655 291 cessit
677 265 833 303 eumque
865 251 1072 302 descripsit,
1098 261 1139 288 ut
1160 251 1373 302 gloriantem
1397 252 1593 302 sophistam
1609 279 1620 301 ,
1639 252 1747 302 plane
1774 251 1846 289 dis-

208 318 360 356 similem
388 316 542 354 Socrati
568 315 784 353 Platonico.
820 314 998 352 Caeterum
1031 313 1208 365 permulta
1239 312 1370 351 adferri
1399 323 1547 364 possent
1560 340 1571 362 ,
1607 315 1657 350 uti
1685 315 1777 352 mala
1810 325 1846 353 et

207 378 439 432 imperfecta,
478 389 655 429 nugarum
684 376 792 428 plena
817 375 978 414 defensio
1005 386 1130 413 contra
1161 376 1402 413 accusationes
1431 376 1470 411 in
1497 375 1614 425 ipsum
1642 377 1844 427 conjectas,

206 439 456 480 convenientia
486 439 683 477 multorum
709 439 872 476 locorum
900 451 984 476 cum
1013 439 1146 477 caeteris
1180 437 1357 476 Platonis
1394 438 1557 488 scriptis,
1586 439 1634 474 ita
1661 447 1782 476 tamen
1802 449 1843 476 ut

207 502 382 547 Platonis
402 502 559 539 imitator
577 500 685 538 futilis
708 501 837 551 magis,
863 513 971 551 quam
993 501 1066 551 ipse
1089 499 1232 537 divinus
1257 509 1381 537 auctor
1405 508 1584 550 appareat.
1604 499 1697 547 Quae
1722 491 1843 538 omnia

207 565 235 600 si
264 563 450 612 afferrem,
474 563 579 600 nimis
601 576 622 599 a
646 562 833 614 proposito
862 576 920 600 me
944 560 1177 600 deducerent.
1203 563 1283 600 Hoc
1305 575 1417 599 unum
1440 559 1561 610 addo,
1586 574 1645 598 me
1667 561 1843 599 calculum

211 625 366 677 adjicere
399 625 518 664 Cassii
535 625 657 664 Severi
663 646 666 648 -
679 624 864 663 sententiae
890 623 1050 663 dicentis.
1078 640 1098 661 z
1114 625 1407 676 Eloquentissimi
1428 625 1494 661 viri
1513 623 1688 665 Platonis
1706 626 1820 663 oratio
1832 653 1843 675 ,

209 707 227 728 »
258 702 337 740 quae
358 701 427 740 pro
452 689 610 729 Socrate
640 689 770 739 scripta
796 697 872 738 est,
895 702 962 726 nec
983 698 1148 740 patrono
1171 702 1238 726 nec
1258 701 1322 733 reo
1348 687 1468 738 digna
1488 696 1542 726 est
1571 689 1642 737 (1).
1666 704 1686 724 »

975 833 1062 882 §9-

816 960 875 996 De
893 959 1085 997 authentIa
1107 961 1225 998 Jonis.

254 1096 365 1145 Hujus
387 1096 469 1133 libri
492 1106 615 1132 auctor
638 1097 742 1132 etiam
767 1095 1042 1144 Xenophonte&
1067 1097 1205 1145 scriptis
1228 1108 1309 1131 usus
1333 1105 1396 1133 est.
1425 1096 1562 1133 Confer
1588 1092 1702 1131 modo
1732 1106 1838 1144 sym-—

205 1170 282 1208 pos.
306 1158 380 1208 III,
401 1157 427 1195 6
454 1170 534 1195 cum
563 1157 660 1195 Jone
683 1156 755 1194 530
770 1185 782 1207 ,
802 1157 863 1194 lib.
886 1157 964 1207 IV,
985 1157 1035 1207 6,
1067 1170 1150 1194 cum
1173 1158 1270 1195 Jone
1296 1158 1369 1195 536
1398 1158 1454 1208 E,
1481 1158 1554 1196 538
1575 1158 1616 1194 Β.
1641 1156 1837 1194 Memorab.

206 1219 305 1255 Socr.
329 1220 407 1268 IV,
434 1231 480 1267 2,
514 1231 582 1268 ιο,
610 1219 673 1255 ubi
700 1218 822 1255 thema
846 1218 955 1254 Jonis
981 1219 1203 1254 invenimus:
1232 1223 1295 1256 wls
1318 1222 1372 1264 γάρ
1401 1237 1443 1254 τοι
1476 1223 1623 1264 ῥιψρδοδς
1645 1222 1709 1253 οἶδ.
1729 1222 1767 1254 uz
1790 1221 1839 1259 με,

202 1284 255 1320 'iarn
276 1286 457 1326 ιέιιμβοᾶἳτιις
482 1278 577 1317 dvi-eive
601 1284 634 1315 δε
659 1283 730 1316 παπ)
758 1282 873 1318 ἠλιθίους
900 1282 993 1316 xvv-as.
1018 1278 1132 1328 QUOd
1161 1279 1208 1316 ad
1238 1280 1397 1318 Phoedn
1425 1282 1658 1318 imitationem
1692 1280 1839 1329 attinet,

204 1342 411 1392 inspiciatur
434 1350 570 1377 tantum
594 1341 694 1377 locus
725 1341 799 1386 246
827 1341 888 1389 A,
916 1340 976 1376 ubi
997 1340 1118 1390 paullo
1141 1341 1287 1391 quidem
1316 1343 1495 1391 copiosior
1524 1352 1576 1379 est
1601 1351 1749 1390 auctor,
1773 1340 1839 1378 sed

203 1402 338 1453 Singilla
365 1402 472 1440 verba
485 1429 497 1453 7
526 1411 565 1439 ut
586 1408 618 1437 r'x
639 1409 748 1445 τιχιῗς,
774 1405 965 1444 κατέχεσθαι,
985 1407 1161 1447 κορυβιντῗιιν
1183 1402 1256 1439 533
1272 1404 1318 1453 E,
1336 1403 1409 1441 536
1432 1403 1484 1454 C,
1507 1407 1659 1446 κειταιαχιὶ
1685 1405 1765 1452 (2),
1794 1417 1839 1441 ex

203 1463 369 1501 Phoedro
397 1462 589 1512 desumsit,
615 1464 689 1499 imo
716 1462 893 1500 Platonis
917 1463 1081 1499 usitatum
1104 1467 1225 1508 φαῒδμ,
1250 1469 1318 1507 om)
1340 1471 1453 1510 κεφαλή
1477 1465 1577 1513 (264
1602 1465 1658 1513 Β)
1683 1466 1838 1502 imitatus

202 1534 275 1573 est,
300 1524 365 1561 sed
383 1526 498 1560 minus
519 1524 699 1574 eleganter
720 1524 786 1559 531
812 1524 873 1572 D,
895 1530 916 1557 ὁ
938 1527 1006 1567 φίλη
1028 1528 1140 1566 nepam
1156 1528 1226 1559 Ἴαι.

251 1584 336 1623 Non
363 1585 479 1623 solum
506 1584 637 1635 dialogi
660 1594 932 1636 argumentum,
971 1583 1036 1621 sed
1068 1586 1174 1622 etiam
1196 1585 1269 1635 ejus
1295 1588 1557 1624 consummatio
1587 1597 1622 1624 et
1654 1588 1836 1625 conclusio

203 1648 377 1697 originem
408 1647 697 1697 antiplatonicam
728 1646 895 1697 probant.
924 1646 1025 1696 Jon,
1057 1645 1244 1696 indoctus,
1273 1656 1473 1685 attenuatus
1498 1649 1571 1686 imo
1605 1648 1835 1686 scholasticus

203 1718 254 1746 est
283 1708 382 1759 (536
403 1709 463 1759 Ε)
489 1718 524 1747 et
556 1709 730 1747 Socrates
756 1708 863 1759 plane
898 1718 1022 1746 contra
1047 1721 1148 1745 usum
1164 1708 1399 1762 ‚Platonicum
1426 1720 1630 1762 arroganter
1660 1711 1836 1762 affirmat,

203 1781 239 1809 et
268 1773 388 1809 omnia
411 1773 555 1822 copiose
581 1780 617 1808 et
635 1771 774 1821 prolixe
799 1769 907 1808 docet
929 1771 1023 1820 (532
1046 1772 1083 1807 B.
1104 1771 1141 1807 D
1160 1771 1233 1808 536
1255 1773 1336 1822 E):
1353 1783 1476 1824 postea
1497 1772 1644 1811 tandem
1672 1774 1835 1824 priorem

199 1834 330 1871 oblitus
353 1847 543 1885 personam
560 1833 702 1874 'ironice
726 1832 885 1883 loquitur
915 1843 951 1871 et
981 1834 1205 1884 ignorantem
1233 1849 1271 1872 se
1293 1835 1448 1873 ostendit
1473 1835 1545 1872 532
1576 1836 1625 1873 D.

241 1965 287 2007 (1)
307 1966 410 1996 Senec.
426 1964 575 2006 Exceppt.
593 1964 736 1995 Controv.
755 1965 815 2002 111,
835 1975 865 2005 p.
884 1965 943 2006 397
959 1964 1024 2006 Bip.
1040 1963 1188 1995 Bockhius
1205 1966 1240 1994 in
1258 1966 1393 1995 Minoem
1410 1977 1440 2006 p.
1462 1966 1520 1996 182
1540 1972 1648 2006 putat,
1666 1969 1833 1996 Platonem

197 2018 375 2058 Apologiam
399 2017 546 2059 scripsisse
557 2021 620 2055 ‚·ut
643 2026 709 2047 eam
735 2021 903 2058 opponeret
927 2018 1030 2060 Iqsioe
1049 2015 1218 2047 defensioni
1242 2018 1394 2058 Socratis,
1414 2023 1445 2050 et
1465 2023 1571 2051 testem
1594 2018 1727 2059 indicat,
1746 2020 1833 2050 Plzo-

198 2073 340 2103 tarclzum.
360 2071 397 2104 π’.
422 2071 456 2104 τ’.
484 2070 605 2112 vinebunt,
628 2070 668 2112 4ο
691 2070 731 2111 Ε,
758 2070 799 2112 45
825 2073 859 2103 A.
887 2072 1063 2104 Plutarchus
1090 2077 1195 2104 tamen
1224 2074 1393 2110 orationem
1417 2075 1513 2117 Lysiae
1537 2076 1572 2105 in
1595 2076 1730 2105 Plzaedro
1760 2081 1833 2106 ante

197 2126 298 2155 oculos
312 2126 450 2157 habuisse
466 2127 596 2158 videtur.
616 2126 684 2157 vid.
704 2125 744 2165 45
761 2128 796 2156 A.
813 2126 856 2155 Cf.
879 2128 966 2156 Beck·
984 2127 1149 2156 Commeat.
1169 2127 1268 2157 societ.
1284 2127 1431 2169 philolog.
1450 2129 1528 2169 Lips.
1545 2127 1581 2159 V.
1601 2127 1644 2158 IV
1659 2127 1690 2157 P.
1701 2128 1725 2157 I.
1739 2138 1769 2170 p.
1783 2128 1832 2159 28.

239 2177 285 2222 (2)
306 2179 354 2210 Sic
378 2180 462 2211 enim
485 2179 650 2223 legendum
675 2191 781 2212 censeo
802 2191 859 2224 pro
885 2180 1047 2220 zaeraeuxq'.
1075 2180 1120 2212 Cf.
1144 2181 1290 2214 Valcken.
1312 2182 1351 2214 ad
1370 2184 1511 2214 Ammon.
1532 2182 1561 2222 1,
1582 2181 1616 2221 5,
1635 2192 1663 2224 p.
1691 2183 1730 2215 23
1751 2194 1833 2225 seqq.

199 2234 366 2265 Piersonius
383 2234 422 2265 ad
443 2235 536 2266 Moer.
558 2246 588 2276 p.
608 2245 675 2265 221.
