2078 2777
498 212 557 241 AD
578 209 752 248 QUAEST.
782 209 893 240 pun„
922 210 1086 241 meon.
1117 209 1174 241 ET
1202 208 1345 240 LITER.
1374 210 1545 241 HUMAN.
1788 200 1843 254 69

250 275 351 316 ῸΑΡ.
378 282 406 316 Ι.
433 280 697 330 Argumentum
725 279 804 316 libri
825 279 870 317 de
899 281 1052 331 poetica.

261 342 305 378 Π.
332 342 470 378 Omnes
496 341 647 391 poeticae
672 350 763 377 artes
789 351 871 378 sunt
894 342 1065 391 imitati03
1092 341 1204 378 tribus
1233 353 1315 377 rero
1349 342 1441 378 notis
1464 355 1483 377 a
1509 355 1546 378 se
1579 342 1733 378 invicem
1759 340 1839 377 dis-

213 402 328 439 serunt
346 415 354 437 :
382 400 581 439 differentia
603 403 720 452 prima
737 403 828 439 circa
844 403 1076 440 instrumenta
1092 402 1295 439 imitationis
1309 417 1319 452 3
1335 403 1441 440 altera
1459 403 1551 439 circa
1568 402 1725 452 subjecta
1752 415 1838 440 ver-

211 473 319 500 satur.

260 524 322 559 HL
348 522 559 561 Differentia
575 523 677 561 tertia
695 524 787 560 circa
800 523 959 561 modum.
970 546 1014 553 —-
1025 525 1083 562 De
1098 525 1234 576 origine
1246 525 1436 562 nominum
1450 522 1639 572 dramatis,
1658 523 1837 574 tragoediae

212 595 247 621 et
269 585 468 622 comoediae.

259 647 324 684 IV.
359 646 512 683 Poeticae
546 647 627 683 artis
665 659 794 683 caussae
825 645 904 684 duae
942 648 1096 698 physicae
1114 677 1125 698 ‚
1166 647 1330 685 imitandi
1367 646 1524 685 studium
1565 657 1600 685 et
1638 648 1838 686 harmoniae

211 721 323 745 amor.
959 749 961 753 ¹

258 771 305 809 V.
330 770 418 807 Duo
446 782 596 821 poeseos
628 783 758 821 genera
789 779 866 807 orta
893 784 912 807 e
938 770 1084 809 diversis
1117 773 1345 810 tractantium
1372 772 1531 808 moribus
1550 800 1561 820 ‚
1589 785 1673 808 cum
1699 772 1740 807 hi
1769 772 1835 807 sibi

209 844 265 867 res
288 843 411 881 graves
437 842 473 869 et
498 832 662 882 pulchras
678 860 689 882 ,
705 833 765 879 ,illi
792 842 917 869 tenues
940 843 975 869 et
1003 833 1208 870 inhonestas
1231 832 1418 870 imitandas
1445 832 1670 883 delegissent.
1688 832 1746 868 Ex
1769 845 1839 868 an·-

209 891 313 941 tiquis
330 893 435 943 igitur
463 893 519 930 alii
540 893 768 931 herociorum
792 904 1082 944 argumentorum
1105 905 1221 945 poetae
1248 896 1305 931 alii
1326 895 1576 944 iambicorum.
1597 894 1685 930 Mox
1710 893 1749 929 hi
1768 906 1837 943 pro

206 952 332 1000 iambis
367 954 606 1002 comoediam,
635 955 685 990 illi
711 968 780 1004 pro
809 956 914 1004 epicis
954 955 1161 1004 tragoediam
1198 956 1349 1005 aggressi
1374 963 1468 991 sunt.
1494 954 1685 1004 Tragoedia
1710 963 1746 990 et
1770 966 1838 990 co-

209 1014 340 1052 moedia
358 1015 404 1052 ab
416 1016 517 1052 initio
539 1015 654 1052 ambae
669 1015 949 1065 extemporale93
972 1015 1050 1052 haec
1073 1030 1092 1051 a
1118 1018 1232 1067 poetis
1252 1015 1542 1066 dithyrambici87
1567 1015 1625 1051 ifla
1640 1029 1659 1051 a
1673 1015 1833 1066 phallicis

208 1078 429 1115 incrementa
453 1076 559 1126 cepit.
586 1076 738 1112 Historia
766 1075 947 1126 tragoediae
964 1078 979 1125 ‚*
1002 1086 1108 1127 atque
1139 1076 1337 1114 comoediae.

254 1140 319 1178 Vl.
343 1138 530 1188 Epopoeia
555 1150 637 1180 cum
660 1135 830 1186 tragoedia
854 1138 892 1172 in
914 1137 1094 1182 nonnullis
1123 1138 1314 1186 convenit,
1329 1138 1368 1174 in
1382 1138 1455 1173 aliis
1476 1137 1522 1174 ab
1541 1151 1582 1174 ea
1604 1136 1741 1179 differt:
1767 1137 1830 1175 sed

207 1213 288 1238 cum
309 1197 480 1250 tragoedia
505 1189 622 1249 partes
650 1197 820 1247 easdem,
846 1211 931 1248 quas
967 1200 1142 1249 epopoeia
1176 1200 1433 1249 complectatur
1462 1212 1586 1236 omnes
1610 1200 1682 1235 imo
1711 1200 1829 1250 plures

208 1264 312 1300 etiam
326 1289 337 1311 ,
362 1261 420 1297 illa
440 1261 597 1310 primum
619 1259 803 1308 tractanda
829 1269 891 1296 est.
904 1281 950 1288 —
963 1258 1164 1310 Tragoediae
1194 1259 1366 1296 definitio.

255 1324 337 1362 VII.
363 1315 562 1372 Tragoediae
584 1329 727 1371 partes,
760 1319 959 1358 secundum
985 1321 1223 1370 qualitatem‚'
1241 1334 1326 1369 sex,
1357 1321 1494 1371 fabula,
1521 1334 1660 1370 moreS‚
1687 1337 1832 1371 sensus,

209 1385 320 1422 dictio
338 1411 350 1432 ‚
375 1384 663 1433 repraesentatio‚
694 1381 861 1418 melodia.
898 1383 957 1418 De
985 1382 1082 1417 hisce
1106 1395 1167 1418 sex
1201 1383 1358 1431 partibus
1396 1381 1577 1431 tragoediae
1606 1384 1829 1432 generaliter.

206 1446 265 1482 De
294 1443 410 1481 fabula
436 1442 626 1493 speciatim.
655 1441 789 1479 Fabula
817 1442 861 1478 sit
884 1442 1033 1479 imitatio
1059 1442 1205 1479 actionis
1230 1442 1377 1492 integrae
1395 1470 1406 1492 ‚
1437 1452 1472 1479 et
1498 1452 1673 1492 quantum
1697 1446 1831 1494 possit,

206 1519 352 1557 magnae.

254 1569 354 1608 VIII.
380 1568 493 1603 Unius
519 1566 675 1614 denique
695 1567 842 1601 actionis
862 1575 1011 1601 tantum.

254 1628 324 1666 IX.
346 1628 390 1665 Iu
431 1626 555 1664 fabulis
589 1634 694 1677 poeta
736 1637 812 1663 non
849 1626 1034 1663 veritatem
1066 1624 1130 1664 sed
1168 1625 1511 1665 verisimilitudinem
1547 1630 1669 1666 sectari
1706 1629 1826 1669 debet.

206 1692 370 1740 Historiae
379 1700 414 1727 et
434 1702 583 1738 poeseos
601 1688 809 1725 differentia.
823 1689 882 1724 De
898 1689 1022 1724 fabulis
1035 1701 1100 1737 pro
1112 1699 1212 1737 parte
1231 1697 1266 1724 et
1284 1690 1366 1724 totis
1385 1690 1475 1725 fictis
1493 1690 1616 1725 fabulae
1636 1691 1825 1739 episodicae

205 1751 374 1803 pessimae.
482 1803 484 1805 Ι

255 1814 303 1850 X.
331 1813 465 1862 Quales
502 1811 627 1848 fabulae
659 1809 705 1860 ad
737 1809 969 1847 excitandum
1003 1821 1175 1848 terrorem
1202 1821 1237 1848 et
1257 1812 1533 1849 misericordiam
1570 1815 1723 1850 maxime
1754 1817 1824 1851 sint

204 1875 355 1913 idoneae.
385 1874 440 1910 Ex
476 1872 599 1909 fabulis
642 1871 717 1909 aliae
752 1870 930 1921 simplices
960 1881 1062 1921 sunt⁷
1096 1872 1171 1908 aliae
1206 1873 1409 1924 implicit-‘ae⁷
1434 1872 1609 1924 simplices
1642 1888 1721 1925 quae
1747 1877 1823 1914 sine

204 1938 376 1990 peripetia
400 1935 458 1974 vel
478 1934 655 1985 agnitione
676 1943 917 1984 peraguntur3
937 1935 1112 1985 implicitae
1136 1944 1254 1971 autem
1278 1948 1358 1983 quae
1382 1949 1464 1971 cum
1483 1936 1612 1972 harum
1633 1938 1742 1974 altera
1765 1941 1822 1983 vel

204 2009 364 2049 utraque.
1786 2005 1791 2009 ’

253 2060 319 2099 XI.
343 2060 402 2098 De
429 2058 612 2112 peripetia.

252 2125 336 2159 XII.
361 2123 421 2171 De
446 2123 635 2170 agnitione.
664 2120 945 2157 Pulcherrimam
972 2134 1043 2159 esse
1066 2121 1306 2172 agnitionem,
1335 2135 1417 2159 cum
1442 2136 1510 2174 qua
1538 2123 1709 2175 peripetia
1736 2136 1823 2164 con-

204 2185 372 2240 jungitur.
401 2182 541 2235 Quibus
568 2182 672 2223 rebus
699 2183 896 2222 excitentur
922 2186 1063 2223 effectus
1078 2213 1089 2233 .,
1112 2185 1352 2222 misericordia
1379 2188 1511 2222 scilicet
1540 2197 1576 2222 et
1602 2197 1750 2223 terrore.

253 2248 354 2283 XIII.
380 2245 578 2293 Tragoediae
595 2253 709 2293 partes
721 2243 920 2281 secundum
941 2244 1180 2295 quantitatem}
1197 2244 1256 2281 De
1272 2246 1523 2285 constitutione
1549 2245 1687 2285 fabulae.
1705 2246 1813 2300 Qua-

205 2310 290 2349 lium
318 2308 372 2348 vir
388 2317 437 2347 0&
455 2320 512 2345 um
541 2306 660 2358 quales
691 2320 787 2345 casus
802 2336 813 2357 7
837 2321 952 2345 scenae
974 2308 1124 2345 maxime
1153 2310 1382 2346 conveniant.

879 2473 883 2475 “
898 2476 909 2491 Ι
