2078 2790
467 136 523 165 An
557 132 724 171 QUAEST.
759 130 924 161 Pinnos.
962 128 1124 158 Tnsson.
1159 126 1216 156 ET
1249 124 1391 155 LITER.
1426 107 1616 155 numm(
1802 113 1849 153 13

224 214 360 257 partem
383 204 557 240 librorum
576 200 740 240 vendidit
762 199 978 237 Ptolemaeo
997 195 1241 245 Philadelpho
1257 223 1269 245 ,
1287 193 1539 232 bibliothecam
1564 193 1846 232 Alexandrinam

223 267 385 316 paranti,
406 278 475 314 qua
496 265 578 314 igne
601 271 810 310 consumta,
836 262 1027 310 perierunt.
1075 264 1077 267 ’

273 327 413 377 Reliqui
443 327 487 363 ab
525 324 717 364 heredibus
750 323 857 363 Nelei
884 323 923 359 in
948 321 1178 359 subterranea
1206 331 1315 369 specu
1349 316 1575 367 absconditi,
1605 319 1783 356 vermibus
1810 330 1847 358 et

225 389 386 438 squalore
411 390 537 425 misere
560 396 641 423 sunt
664 386 848 435 corrupti,
867 394 974 434 atque
1000 393 1081 433 post
1097 381 1242 420 CXXX
1264 393 1377 417 annos
1398 379 1483 416 inde
1518 382 1688 430 extracti,
1709 381 1847 418 venditi

226 459 307 487 sunt
326 450 534 500 Apelliconi
558 448 669 498 Teio,
686 447 749 498 qui
764 446 842 483 illos
860 444 1012 483 describi
1028 444 1184 492 curavit,
1205 442 1418 492 lacunasque
1435 455 1479 479 ex
1493 442 1639 493 ingenio
1654 443 1843 493 supplevit.

227 512 452 561 'Apelliconis
476 510 691 548 bibliotheca
717 518 800 559 post
820 508 893 557 ejus
924 516 1075 544 mortem
1095 533 1106 554 ,
1131 504 1242 542 Sulloe
1272 504 1389 552 jussu,
1419 505 1571 541 Romam
1595 503 1733 554 delata,
1761 506 1846 553 Ty—

228 576 374 619 rannio,
392 571 667 619 Grammaticus,
690 569 904 606 Aristotelis
929 581 1036 618 opera
1055 565 1187 615 edidit,
1204 564 1270 602 sed
1292 565 1516 624 librariorum
1545 566 1602 602 vel
1627 567 1777 602 incurias
1790 568 1848 603 vel

227 642 373 683 stupore
398 633 634 670 'vehementer
661 631 863 681 depravata,

277 694 363 732 Haec
392 693 439 731 de
458 693 670 730 Aristotelis
686 692 823 742 scriptis
848 692 886 728 in
908 692 1121 727 universum.
1144 690 1260 725 Pauca
1282 688 1353 737 jam
1367 686 1498 724 addam
1515 688 1561 725 de
1585 688 1661 737 ejus
1683 690 1851 727 Poetica.

228 754 337 791 Liber
352 754 412 791 hic
429 753 477 791 ad
498 754 575 793 illos
592 763 644 790 est
668 751 899 801 referendus,
925 752 987 802 qui
1015 750 1225 788 dicebantur
1243 753 1390 795 izos-spon}
1421 754 1467 784 ula
1488 753 1631 790 ι’γκωιλὶη
1654 755 1701 785 ιὰ
1723 757 1851 796 roa-1202,

230 817 293 867 qui
315 817 449 854 scilicet
474 815 522 854 de
547 815 652 853 rebus
685 824 793 865 agunt
826 813 1072 851 communibus
1099 822 1135 850 et
1162 813 1405 862 facilioribus,
1433 826 1503 849 nec
1540 811 1630 849 adeo
1654 815 1824 864 exquisita
1843 844 1854 865 ,

231 887 397 915 exactave
433 876 608 913 methodo
642 876 834 925 conscripti
874 884 979 923 sunt,
1005 876 1051 911 ita
1083 884 1122 910 ut
1147 874 1341 910 hominum
1375 875 1525 910 coetibus
1560 887 1602 911 ac
1637 875 1856 913 multitudini

231 940 300 976 sint
321 937 606 988 accommodati,
625 950 753 987 resque
770 936 1002 987 popularibus
1019 936 1233 986 argumentis
1246 964 1258 985 ,
1282 945 1321 973 ut
1352 936 1522 986 exemplis
1538 964 1549 985 ,
1568 936 1852 975 similitudinibus

232 1010 268 1037 et
293 1001 410 1050 figuris
433 1009 626 1050 exponant.

279 1060 401 1097 Nullus
436 1073 456 1096 e
491 1069 603 1108 graeca
643 1058 848 1107 antiquitate
884 1057 973 1094 liber
1012 1056 1247 1106 doctissimis,
1280 1058 1483 1095 acutissimis
1525 1070 1561 1096 et
1593 1060 1855 1109 elegantissimis

233 1123 315 1159 viris
355 1118 447 1156 adeo
482 1133 603 1155 ansam
640 1118 742 1155 dedit
774 1128 944 1154 accuratae
982 1117 1233 1168 disquisitionis
1253 1146 1264 1167 ,
1300 1132 1408 1168 quam
1449 1121 1589 1168 poetica
1635 1123 1858 1159 Aristotelis.

234 1183 349 1234 Copia
382 1179 579 1218 editionum
598 1208 609 1230 ,
639 1180 978 1217 commentariorum
1004 1189 1039 1216 et
1066 1180 1273 1216 versionum
1311 1193 1388 1217 non
1414 1181 1528 1218 solum
1545 1210 1556 1231 ,
1597 1196 1721 1221 verum
1751 1184 1857 1221 etiam

235 1244 518 1294 disquisitionum
540 1241 587 1280 de
613 1242 755 1292 singulis
774 1242 961 1291 praeceptis
990 1251 1025 1278 et
1042 1242 1185 1277 monitis
1198 1269 1209 1290 ,
1231 1255 1310 1291 quae
1326 1243 1440 1291 poetis
1464 1252 1499 1279 et
1518 1245 1708 1280 artificibus
1735 1243 1857 1296 dedit,

234 1304 503 1343 innumerabilis
532 1304 624 1341 facta
653 1312 728 1351 est,
753 1311 788 1339 et
815 1302 962 1340 historia
990 1303 1226 1352 interpretum
1261 1312 1621 1354 oppugnatorumque
1646 1307 1859 1345 Aristotelis

236 1367 282 1404 ad
303 1377 423 1403 nostra
449 1379 559 1415 usque
582 1375 744 1414 tempora
769 1364 935 1400 eximiam
963 1373 1099 1413 partem
1133 1364 1280 1400 theoriae
1308 1364 1486 1401 bonarum
1506 1366 1631 1401 artium
1651 1393 1662 1413 ,
1686 1377 1722 1403 et
1746 1369 1860 1405 scien-

238 1429 365 1469 tiarum
396 1435 559 1476 occupat.

285 1489 430 1526 Poetica
464 1488 608 1523 ultimus
646 1487 748 1523 fuisse
784 1486 925 1524 videtur
960 1486 1077 1534 liber,
1111 1499 1219 1535 quem
1246 1488 1285 1523 in
1310 1496 1411 1537 parte
1450 1487 1628 1524 aesthetica
1653 1492 1861 1541 conseripsit

238 1549 468 1588 Aristoteles.
489 1547 626 1585 Caetera
653 1548 750 1584 enim
770 1547 844 1597 ejus
865 1547 1017 1597 scripta,
1044 1560 1123 1597 quae
1145 1547 1217 1584 huc
1240 1549 1447 1599 pertinent,
1477 1559 1649 1599 quantum
1678 1564 1698 1587 e
1723 1552 1829 1602 titulis
1845 1581 1857 1602 ,

240 1612 362 1662 paucis
376 1610 580 1660 fragmentis
592 1618 627 1646 et
638 1608 885 1646 traditionibus
898 1607 1055 1658 judicare
1067 1609 1169 1657 licet,
1187 1609 1261 1646 sive
1279 1610 1438 1646 historici
1447 1621 1548 1648 erant
1567 1615 1765 1661 argumenti
1786 1616 1861 1652 sive

240 1673 435 1723 peculiares
462 1682 611 1721 poeseos
637 1671 771 1720 species
795 1670 1026 1720 spectabant,
1052 1682 1129 1707 non
1156 1683 1243 1707 vero
1273 1671 1452 1708 theoriam
1482 1685 1631 1722 poeseos
1670 1676 1861 1726 amplecte-

239 1736 381 1771 bantur.
413 1734 522 1769 Liber
548 1735 609 1776 anf>
638 1740 754 1770 mma-uz
784 1733 875 1768 circa
910 1732 1149 1769 characterem
1184 1733 1412 1782 antiquorum
1446 1742 1634 1782 poetarum
1664 1748 1863 1787 eorumque

244 1808 393 1846 operum
426 1793 642 1831 versabatur.

291 1855 482 1892 Probabile
506 1864 558 1892 est
583 1858 799 1898 Atho-unu,
822 1859 911 1893 Νίκας
925 1885 933 1899 ,
956 1858 1130 1901 Acowrs‘axaee
1160 1864 1195 1891 et
1223 1855 1353 1892 librum
1382 1860 1442 1900 περὶ
1463 1861 1622 1901 τραγῳδεῖν
1650 1859 1741 1895 nihil
1769 1872 1867 1898 com-

243 1918 389 1969 plexum
416 1930 513 1967 esse,
535 1918 603 1954 nisi
629 1918 935 1968 investigationem
960 1917 1100 1954 illorum
1128 1914 1405 1953 dramaticorum
1432 1930 1607 1968 operum,
1633 1933 1711 1970 quae
1739 1921 1867 1970 majori

244 1990 304 2017 aut
328 1980 460 2016 minori
487 1979 608 2017 favore
637 1978 791 2016 Athenis
816 1980 854 2015 in
881 1993 1023 2017 scenam
1048 1977 1192 2028 prodita
1216 1988 1317 2015 erant
1343 1988 1379 2015 et
1404 1992 1558 2029 quorum
1581 1981 1767 2031 applausus
1792 1984 1867 2022 sive

245 2041 375 2078 derisio
391 2069 402 2091 ,
430 2042 686 2092 philosophum
716 2051 893 2092 praecepta
923 2056 984 2079 sua
1012 2040 1254 2090 conjecturare
1282 2041 1456 2078 sinebant.

294 2104 339 2139 In
363 2105 568 2141 universum
588 2117 762 2141 assumere
778 2116 854 2140 non
880 2104 985 2155 licet,
1008 2103 1240 2160 Aristotelem
1260 2104 1357 2153 prius
1371 2113 1546 2154 praecepta
1566 2106 1711 2154 poetico
1725 2108 1868 2158 ingenio

226 2162 407 2213 ·ded1sse,
434 2166 559 2214 quibus
586 2179 712 2203 norma
742 2165 861 2203 critica
896 2167 993 2216 quasi
1018 2173 1196 2213 uteretur,
1224 2163 1270 2200 ad
1299 2177 1411 2215 opera
1449 2166 1588 2215 poetica
1632 2165 1869 2218 dijudicanda.
