2078 2790
477 225 536 257 AD
567 218 735 264 QUAEST.
766 218 935 252 PmLos.
970 214 1135 250 THEott.
1170 210 1402 246 ET-LITER.
1437 208 1608 243 HUMAN.
1811 211 1856 238 21

229 311 303 337 esse
319 284 444 350 'potest
466 295 584 348 poesis
610 293 706 343 ulla,
728 304 836 343 quam
853 288 1044 342 descriptio
1066 287 1256 338 amborum
1279 295 1455 335 equorum
1473 283 1531 333 (1)
1555 281 1676 331 (bona
1700 278 1866 329 malaque
1913 330 1917 334 Ι

228 360 337 399 animi
361 358 550 407 affectio),
575 367 683 407 quam
705 353 835 404 effigies
860 352 1011 402 amoris,
1037 348 1237 402 cupiditatis
1267 356 1303 386 et
1324 358 1454 398 pugnae
1474 343 1655 382 internae?
1676 342 1788 380 Anne
1805 353 1862 378 ars

227 426 367 468 μιμητιίη
403 420 504 457 altius
525 418 639 457 ‘evehi
673 425 791 469 potest
813 443 825 466 ⁴›
862 427 971 466 quam
1006 412 1052 450 ad
1086 412 1277 462 imaginem
1312 410 1395 448 vitae
1432 406 1564 446 divinae
1591 404 1711 443 idealis
1749 413 1784 442 et
1817 401 1866 440 ad

229 484 508 534 descriptionem
534 479 664 518 mundi
689 476 950 529 metaphysici?
979 476 1027 513 Et
1054 486 1176 513 tamen
1208 473 1323 511 Plato
1346 470 1477 509 eodem
1500 469 1603 518 loco,
1630 480 1704 518 quo
1727 466 1865 514 oratio,

229 545 483 595 dithyrambici
510 541 649 580 ardoris
678 554 782 591 paene
810 539 922 576 divini
947 538 1075 589 plena,
1104 536 1281 575 evolvitur
1296 562 1307 584 7
1339 532 1469 580 facilis,
1502 531 1659 568 ironicus
1691 537 1726 566 et
1752 528 1866 566 suavis

230 606 364 658 ubique
378 614 509 644 manet.
528 605 610 656 Ipsa
629 602 769 656 poesis⁷
794 611 833 639 ut
856 614 909 639 ars
927 600 1091 638 'effectrix
1115 595 1361 646 considerata,
1379 606 1456 632 non
1473 593 1506 631 ei
1528 591 1656 629 sufficit
1669 619 1680 641 7
1701 590 1781 642 quia
1795 618 1807 640 7
1827 598 1867 626 ut

231 668 405 708 sensibilia
432 668 626 719 pingantur
641 664 878 717 spiritualibus
905 660 1080 701 utendum
1103 668 1236 699 censet.
1264 658 1362 709 (257
1389 657 1424 694 A
1449 656 1521 695 258
1540 655 1572 692 E
1591 654 1665 705 259
1690 654 1766 703 A).

990 786 1075 838 §4-

731 908 833 959 Qut'd
858 908 905 944 de
930 907 1001 943 hoc
1020 907 1101 943 loco
1125 905 1371 942 statuendum

283 1029 409 1082 Quum
432 1040 526 1068 totus
558 1031 647 1067 liber
676 1031 812 1067 ironice
839 1031 884 1066 sit
908 1029 1129 1077 conscriptus
1145 1055 1156 1076 ⁷
1194 1039 1273 1063 non
1301 1025 1403 1061 aliter
1431 1033 1571 1074 potest⁷
1597 1022 1684 1072 quin
1712 1030 1747 1058 et
1772 1021 1870 1056 locus

232 1104 355 1133 ¹noster
387 1096 435 1132 ita
466 1091 696 1145 accipiendus
727 1093 781 1130 sit.
816 1091 1026 1131 Verborum
1059 1090 1273 1128 mutationes
1305 1097 1341 1126 et
1381 1085 1619 1125 derivationes
1661 1085 1713 1123 uti
1754 1087 1873 1128 μαντική

232 1155 330 1193 idem
356 1157 455 1206 qUOd
476 1160 580 1198 panum)
602 1156 702 1203 (244
728 1156 800 1202 C.)
825 1159 933 1198 ἵμερος,
955 1167 979 1190 a.
996 1160 1084 1196 pw'Juae
1107 1153 1206 1201 (255
1240 1152 1296 1198 C)
1322 1155 1479 1189 citano-rau}
1507 1150 1602 1197 (244
1629 1148 1687 1196 C)
1721 1149 1871 1184 ironicas

232 1231 307 1255 esse
331 1231 377 1255 ex
401 1217 524 1255 indole
552 1218 659 1254 totius
681 1216 850 1252 orationis
870 1225 968 1266 patet
982 1243 995 1265 ,
1019 1225 1056 1252 ut
1076 1216 1184 1264 igitur
1205 1215 1337 1250 mirum
1360 1213 1451 1250 mihi
1472 1211 1660 1259 videatur,
1678 1209 1872 1247 nonnullos

233 1281 325 1315 serio
353 1292 411 1315 eas
438 1280 614 1328 accepisse
638 1280 707 1328 (2).
733 1279 818 1314 Non
839 1287 960 1313 tamen
984 1278 1060 1312 sine
1078 1277 1155 1312 ullo
1182 1276 1332 1311 consilio
1358 1274 1453 1311 dicta
1483 1284 1588 1321 sunt⁷
1620 1271 1682 1309 sed
1709 1280 1874 1319 respectu

234 1340 469 1392 scriptionum
491 1349 552 1377 aut
577 1340 790 1391 opinionum
817 1338 994 1387 aliorum3
1017 1335 1118 1388 quod
1140 1336 1314 1387 imprimis
1338 1345 1435 1387 patet
1460 1336 1532 1383 244
1554 1335 1585 1374 C
1600 1365 1610 1385 ‚
1629 1343 1651 1370 ει
1674 1339 1705 1370 δε
1731 1339 1771 1368 ω’,
1795 1338 1873 1367 ἀπει-

234 1408 354 1448 „ada-5
383 1419 415 1437 r·-
442 1421 495 1437 nu
526 1406 732 1445 ἐπιμβιλίηις
762 1405 897 1443 parmi,
929 1404 1073 1434 cadmea».
1106 1401 1269 1435 Forsitan
1294 1399 1412 1435 Plato
1443 1398 1698 1435 Antisthenem
1727 1396 1874 1445 ejusque

234 1468 364 1517 scripta
394 1465 621 1516 grammatica
647 1464 731 1500 risui
763 1475 946 1513 exponere
976 1462 1088 1500 voluit
1120 1460 1199 1510 (3):
1230 1461 1391 1497 affectata
1417 1460 1604 1510 exquisitio
1633 1458 1761 1495 veteris
1795 1459 1874 1496 aevi

234 1530 428 1579 nimirum,
450 1540 556 1578 quam
587 1526 705 1563 Plato
731 1525 804 1562 istis
832 1525 950 1562 verbis
979 1524 1173 1575 significat⁷
1204 1524 1242 1560 in
1268 1522 1488 1560 Antisthene
1519 1521 1707 1571 reperitur.
1729 1520 1876 1559 Eodem

234 1601 397 1642 tempore
432 1591 471 1626 in
498 1589 704 1626 universum
727 1587 934 1638 Sophista55
960 1587 1223 1623 Grammaticos
1251 1584 1407 1623 ludibrio
1436 1584 1601 1621 habuisse
1626 1583 1788 1633 videtur⁷
1814 1585 1874 1635 qui

234 1653 465 1704 probationes
493 1663 538 1688 ex
564 1650 779 1700 etymologia
808 1650 938 1698 linguae
966 1648 1203 1698 hauriebant,
1230 1649 1361 1698 quique
1389 1646 1563 1683 contortis
1594 1645 1874 1684 derivationibus

236 1714 531 1762 delectabantur,
566 1724 652 1762 quas
678 1712 828 1763 quisque
871 1708 918 1746 ad
949 1723 1049 1747 suam
1077 1711 1288 1760 opinionem
1315 1706 1626 1746 accommodabat,
1663 1727 1709 1736 -—
1739 1708 1872 1746 Sensus

235 1777 342 1826 igitur
377 1774 483 1824 hujus
509 1773 586 1810 ‘loci
610 1773 661 1809 sic
688 1771 926 1822 accepiendus
964 1781 1038 1809 est:
1061 1770 1174 1807 Plato
1202 1767 1486 1819 demonstravit,
1513 1758 1611 1818 illos,
1636 1770 1698 1819 qui
1732 1771 1875 1820 poetica

236 1837 401 1876 facultate
433 1845 494 1873 aut
525 1835 670 1885 ingenio
708 1832 833 1872 donati
862 1843 945 1872 sunt
976 1833 1086 1871 multo
1117 1832 1380 1883 praestantiores
1414 1846 1488 1870 esse
1516 1831 1610 1881 illis,
1637 1832 1699 1882 qui
1724 1833 1874 1870 multam

239 1911 385 1950 operam
421 1899 460 1935 in
498 1895 699 1934 condendis
736 1896 895 1934 versibus
920 1897 1133 1948 potuissent,
1162 1896 1239 1933 sine
1265 1895 1417 1932 naturali
1439 1894 1497 1931 illa
1534 1893 1711 1931 facultate.
1742 1894 1789 1931 Et
1827 1896 1874 1932 ita

238 1961 480 2011 pulcherrime
507 1972 577 2010 pro
605 1959 719 2008 poetis
748 1958 888 1996 locutus
915 1968 978 1997 est.
1014 1958 1097 1994 Esse
1133 1958 1230 1995 enim
1269 1959 1429 1995 innatam
1462 1956 1667 1994 facultatem
1694 1957 1873 2006 poeticam

281 2064 328 2107 (1)
351 2065 518 2095 thionem
539 2062 650 2094 horum
674 2072 822 2104 equorum
849 2061 1014 2104 imaginem
1034 2070 1071 2091 ex
1093 2060 1225 2091 Ihmero
1250 2059 1445 2099 desumsisse‚
1468 2058 1591 2090 abunde
1612 2065 1704 2101 patet.
1731 2059 1772 2089 Cf.
1794 2062 1874 2091 Ilias

239 2116 268 2149 π’
282 2119 339 2158 148
351 2125 382 2150 et
394 2119 430 2157 ψ’
448 2119 517 2159 276.
539 2122 552 2159 p‘
568 2117 840 2157 443.Ρ1ιίἰοειναι.
857 2113 976 2147 Heroic.
991 2114 1064 2146 XIX
1075 2139 1084 2153 ‚
1101 2126 1138 2145 10
1149 2127 1197 2156 ,p.
1213 2113 1270 2156 737
1290 2116 1412 2145 Barnea·
1431 2114 1470 2144 ad
1489 2114 1592 2155 Eut-ip.
1619 2114 1676 2144 185
1691 2120 1721 2144 ct
1732 2114 1873 2145 Mas-sien

233 2174 388 2212 paralldle
406 2173 569 2203 d'Homere
589 2178 619 2202 et
637 2172 674 2201 de
694 2171 831 2207 Platon,
852 2170 886 2201 in
909 2171 1060 2201 mAnwires
1081 2169 1118 2199 de
1141 2169 1254 2199 l’acad.
1279 2169 1333 2199 des
1352 2169 1481 2209 Inscrip.
1503 2173 1576 2198 tom.
1593 2167 1616 2197 1.

282 2226 327 2268 (α)
348 2227 391 2257 Cfi
414 2228 577 2269 Heindorf
599 2226 713 2257 Phaedr.
732 2237 762 2267 p.v
785 2224 841 2264 24¹
861 2231 892 2257 et
913 2224 1168 2258 Schleiennaclzer
1194 2224 1229 2255 in
1252 2235 1326 2257 vers.
1348 2229 1422 2255 tom.
1443 2223 1465 2253 1.
1482 2222 1514 2253 B.
1542 2233 1565 2253 1.
1583 2233 1613 2263 p.
1638 2221 1706 2262 376.

283 2279 328 2320 (3)
358 2279 400 2309 Cf.
423 2280 509 2321 Diog.
532 2281 628 2312 Laert.
651 2280 711 2315 VI,
739 2279 776 2309 15
792 2289 857 2320 sqq.
