2078 2790
245 319 298 346 20
731 314 761 344 1.
790 312 927 345 BUSCH
954 310 1112 344 KEISER
1140 310 1377 345 RESPONSIO

198 404 202 407 κ
242 384 372 424 rectius
390 383 449 421 illa
470 383 735 435 intelligamus,
763 393 1012 435 argumentum
1039 383 1146 434 hujus
1166 383 1249 421 libri
1268 383 1430 427 breviter
1450 382 1691 434 inspiciamus.
1711 382 1886 422 Socrates

244 446 399 485 occurrit
430 445 612 485 Phaedro
644 445 890 484 obambulanti
903 474 915 498 7
945 445 1075 497 legenti
1101 446 1302 484 orationem
1327 447 1451 496 Lysioe
1481 443 1530 483 de
1554 458 1701 495 amore,
1729 456 1885 495 eumque

243 517 367 560 rogat,
388 518 429 546 ut
449 522 530 547 eam
557 508 624 547 sibi
648 508 827 560 praelegat.
851 508 997 547 Oratori
1020 508 1208 546 consilium
1229 517 1328 559 erat,
1352 517 1394 545 ut
1408 506 1575 559 'pulchro
1600 507 1747 558 juveni,
1775 519 1885 559 quem

243 570 310 608 sibi
326 568 513 610 devincire
531 572 750 622 conabatur,
770 570 1023 623 persuaderet,
1043 578 1084 607 ut
1101 570 1147 607 ab
1167 583 1290 608 amore
1306 582 1422 609 vacuo
1444 570 1516 619 (μῆ
1537 569 1658 618 iperet)
1677 570 1796 620 potius
1808 581 1887 621 gra-

243 633 438 670 tificaretur
449 659 461 683 7
478 646 586 684 quam
599 634 743 669 amanti.
764 633 939 669 Oratione
955 633 1044 669 lecta
1066 632 1253 670 Phaedrus
1270 633 1399 669 excitat
1416 633 1608 669 Socratem
1623 630 1670 667 a'd
1679 631 1887 669 habendam

245 693 375 732 eadem
394 695 441 732 de
460 708 500 733 re
517 695 667 732 similem
687 695 888 733 orationem
900 722 912 745 7
930 705 966 732 et
978 695 1026 731 sic
1039 694 1213 732 Socrates
1229 694 1355 745 incipit
1370 695 1386 743 (
1399 694 1467 741 241
1486 694 1522 730 A
1533 715 1579 723 —
1591 692 1659 740 241
1675 692 1739 742 D)
1754 691 1886 746 damna

246 758 408 806 corporis
425 766 461 793 et
486 757 597 793 animi
624 770 858 807 enumerare,
886 770 964 807 quae
984 757 1016 794 ei
1035 754 1226 805 accidunt7
1245 756 1307 806 qui
1324 756 1456 793 amanti
1472 770 1510 793 se
1531 754 1652 793 tradit.
1676 756 1779 793 Hanc
1806 768 1886 793 ora-

242 818 382 854 tionem
410 831 429 853 a
454 817 623 855 Phoedro
649 828 793 855 coactus
813 819 880 869 ipsi
901 818 1070 855 adscribit
1093 828 1128 856 et
1151 832 1171 855 a
1190 818 1371 856 Daemone
1391 817 1585 867 excitatus,
1606 826 1647 854 ut
1664 830 1701 855 se
1718 827 1886 867 purgaret

244 891 264 915 a
284 887 457 930 peccato,
483 877 585 931 quod
610 892 770 918 amorem
793 880 961 918 Deorum
978 893 1092 932 opus,
1112 877 1345 931 cupiditatem
1372 878 1588 927 malesanam
1613 877 1885 930 declaravisset7

241 942 282 978 in
305 941 414 979 altera
431 942 591 980 oratione
612 952 758 980 revocat
775 943 1012 993 positionem,
1030 955 1211 993 amorem,
1231 951 1271 979 ut
1290 942 1507 979 malesanam
1527 940 1780 993 cupiditatem,
1800 943 1884 990 mali

244 1000 333 1054 quid
349 1015 435 1042 esse.
453 1002 617 1042 Conatur
626 1004 731 1056 igitur
743 1004 898 1057 probare
917 1004 1090 1043 insaniam
1106 1005 1144 1044 in
1154 1004 1360 1043 universum
1373 1003 1437 1054 (ut
1449 1003 1647 1056 praesagitio
1658 1030 1669 1055 7
1681 1003 1881 1056 purificatio

241 1078 425 1103 musarum
451 1067 642 1116 incitatio)
675 1067 967 1117 perfectissimam
996 1069 1208 1118 sapientiam
1222 1094 1234 1117 7
1259 1080 1510 1117 summumque
1529 1067 1669 1104 bonum
1691 1080 1777 1105 esse.
1804 1067 1883 1103 Hoc

239 1134 279 1164 ut
309 1126 458 1179 efficiat,
479 1127 626 1179 inquirit
649 1128 688 1167 in
715 1129 902 1168 essentiam
928 1129 1039 1169 animi
1073 1127 1187 1169 divini
1209 1138 1245 1169 et
1263 1128 1423 1168 humani.

1018 1294 1045 1343 S
1072 1294 1106 1330 3.

625 1478 728 1528 Quid
747 1476 936 1514 observari
958 1477 1090 1515 debeat
1112 1481 1151 1514 in
1161 1480 1305 1528 forma
1326 1489 1496 1517 externa.

291 1679 418 1728 Quum
452 1676 724 1717 antecedentem
751 1680 959 1730 respicimus
993 1682 1147 1733 librum,
1180 1684 1424 1734 Protagoras
1460 1685 1583 1735 prodit
1620 1700 1657 1726 se
1694 1686 1878 1729 sublimius

238 1752 273 1779 et
299 1741 410 1791 magis
437 1740 636 1790 genuinum
657 1740 851 1789 ingenium.
878 1743 1121 1793 Protagoras
1151 1746 1249 1781 enim
1276 1755 1350 1781 tam
1370 1742 1472 1796 quod
1500 1746 1545 1783 ad
1571 1760 1817 1799 argumentum
1842 1761 1878 1791 et

236 1804 369 1850 finem,
402 1813 511 1852 quam
535 1800 584 1838 ad
604 1801 756 1839 formam
788 1813 822 1840 et
847 1805 1073 1855 propositum
1107 1805 1199 1842 intra
1225 1806 1314 1843 fines
1334 1807 1522 1845 Socraticae
1549 1808 1722 1849 doctrinae
1746 1824 1880 1852 manet.

236 1865 281 1900 In
307 1863 473 1901 Phaedro
499 1855 653 1913 coii'tra,
679 1863 757 1900 haec
791 1878 828 1902 se
854 1864 1031 1903 idealitate
1066 1866 1299 1918 patefaciunt3
1326 1867 1418 1906 ideae
1442 1881 1599 1922 nempe,
1621 1872 1694 1910 hoc
1718 1874 1757 1910 in
1784 1875 1877 1913 libro

237 1926 537 1975 comprehensae,
569 1926 726 1963 efferunt
759 1940 794 1964 se
821 1940 928 1977 supra
955 1929 1148 1977 practicam
1183 1929 1372 1967 Socraticae
1400 1929 1575 1969 doctrinae
1606 1944 1745 1983 partem
1769 1947 1804 1973 et
1827 1948 1878 1974 at-

235 1987 377 2037 tingunt
395 1999 554 2024 summos
576 1986 834 2038 Metaphysicae
858 1988 968 2038 fines,
993 1988 1039 2027 ad
1059 1990 1168 2027 vitam
1188 1990 1395 2041 originalem
1417 2002 1453 2030 et
1473 1991 1648 2046 idealem7
1670 1995 1734 2033 ubi
1756 1994 1877 2035 divina

234 2061 317 2085 cum
335 2046 525 2098 humanis,
556 2047 687 2085 eodem
721 2049 841 2087 adhuc
865 2051 902 2087 in
923 2052 1084 2101 germine
1111 2051 1270 2090 fabuloso
1296 2050 1506 2092 abscondita
1531 2055 1653 2095 latent.
1680 2055 1739 2094 Sic
1769 2059 1876 2097 etiam

231 2110 352 2148 Isonia
374 2109 557 2147 Socratica
580 2109 625 2147 ad
649 2111 953 2150 Enthusiasticum
978 2123 1013 2151 et
1030 2112 1346 2164 Dithyrambicum
1367 2117 1534 2167 pervenit
1555 2126 1590 2154 et
1611 2131 1733 2157 rerum
1753 2134 1876 2158 veram

233 2173 422 2210 essentiam
448 2170 715 2221 transgreditur.

282 2232 450 2271 Secunda
473 2232 552 2270 haec
574 2233 743 2272 Socratis
768 2236 882 2273 oratio
905 2236 1012 2286 plane
1036 2237 1177 2289 poetica
1205 2249 1266 2277 est.
1287 2241 1398 2279 Anne
1419 2239 1573 2283 ,vividius
1596 2251 1632 2279 et
1651 2242 1874 2293 spectabilius

231 2309 374 2344 sensus,
407 2297 469 2346 qui
497 2295 669 2333 dicuntur
702 2298 831 2334 occulti
868 2309 927 2335 aut
956 2300 1111 2348 interni,
1146 2302 1243 2352 pingi
1272 2313 1442 2353 possent,
1468 2317 1575 2353 quam
1600 2304 1718 2343 Plato
1743 2308 1873 2344 amoris

231 2355 376 2394 dolores
397 2355 612 2409 descripsit?
640 2357 734 2407 (251
764 2358 806 2397 C.
825 2358 874 2396 D.
900 2359 943 2397 E.
974 2362 1078 2412 caet.)
1110 2361 1219 2401 Anne
1245 2365 1353 2416 magis
1383 2364 1527 2415 plastica
1560 2373 1595 2403 et
1621 2366 1868 2405 emblematica
