2078 2754
482 171 541 202 An
572 167 738 209 QUAEST.
771 165 940 199 Pinnos.
973 165 1136 199 meon.
1171 165 1230 198 Er
1257 164 1401 198 erER.
1432 167 1602 199 numm.
1810 156 1863 199 83

231 240 307 279 non
336 250 410 278 erat
433 238 643 291 imputanda
662 238 802 289 fabula,
821 251 928 289 quam
947 237 1161 275 carminibus
1188 236 1235 275 de
1260 237 1340 273 Diis
1370 246 1405 274 et
1425 237 1660 275 Daemonibus
1688 239 1864 277 innecte-

229 304 339 354 bant;
365 316 443 341 non
474 302 542 353 ipsi
565 301 875 339 illasnarrationes
914 301 1114 351 finxerunt,
1137 298 1202 339 sed
1227 314 1247 337 a
1267 300 1375 351 vulgo
1406 310 1567 351 acceptas
1596 301 1702 352 vulgo
1720 302 1864 340 refere-

229 365 327 402 banu
363 366 449 401 Haec
485 364 603 401 autem
637 364 740 400 latius
781 364 982 413 exposuisse
1016 372 1098 413 post
1135 362 1380 400 Plutarchum
1413 362 1460 411 (l.
1497 363 1521 398 1.
1556 375 1586 399 c.
1617 364 1686 412 Π.)
1718 376 1862 413 prorsus

231 437 537 476 supervacaneum
564 422 717 462 videtur.

283 485 476 524 Coronidis
491 486 596 537 igitur
611 486 714 536 loco,
736 485 857 522 locum
881 498 1063 536 apponere
1079 486 1182 524 liceat
1203 484 1397 523 doctissimi
1418 485 1584 523 Bakkerz
1604 487 1673 536 (1).
1707 501 1727 522 (ς
1744 488 1862 526 Plato

234 563 252 583 »
283 548 430 597 (inquit)
445 546 504 584 die
523 549 562 583 in
582 560 697 584 eenen
716 545 782 596 tyd
802 545 934 596 leefde,
954 556 1040 584 toen
1054 546 1100 584 de
1122 546 1328 584 dichtkunst
1340 574 1351 596 7
1368 561 1414 584 en
1427 546 1473 584 de
1492 547 1697 584 beeldende
1710 549 1864 587 kunsten

235 625 254 646 s
283 609 322 646 in
359 607 628 659 Griekenla'nd,
660 607 735 646 den
767 608 944 658 hoogsten
975 619 1056 659 trap
1090 623 1159 647 van
1195 609 1316 647 luister
1352 608 1489 647 bereikt
1517 607 1665 647 hadden
1680 639 1691 661 7
1720 610 1866 652 voedde

236 685 256 705 x
289 670 412 706 echter
432 669 532 706 zulke
556 670 674 720 hooge
693 668 947 706 denkbeelden
973 678 1130 706 omtrent
1153 670 1201 706 de
1228 669 1431 706 beeldende
1452 670 1604 707 kunsten
1624 673 1722 720 niet3
1742 671 1865 722 dewyl

235 747 252 769 ›>
282 731 334 782 hy
354 731 441 769 haar
469 745 516 770 en
536 729 582 769 de
608 729 815 769 dichtkunst
836 741 911 769 met
932 744 1000 770 een
1022 741 1057 769 te
1079 731 1162 770 koel
1182 731 1377 782 wysgeerig
1399 743 1469 782 oog
1489 732 1527 769 in
1548 745 1636 783 zyne
1660 734 1862 784 Republiek

235 809 253 829 »
283 792 553 844 bescbou'wde,
579 805 645 830 zoo
666 792 741 830 kon
764 793 816 844 hy
839 792 996 830 daarvan
1016 806 1169 844 zeggen,
1190 793 1251 830 dat
1270 805 1313 844 zy
1337 792 1415 831 drie
1437 802 1589 845 trappen
1609 794 1728 833 vande
1751 808 1866 833 waar-

235 872 255 892 »
282 855 369 893 heid
399 857 444 893 of
473 855 520 893 de
554 855 667 892 Ideen
709 854 929 905 verwyderd
960 869 1106 905 waren⁷
1142 870 1189 893 en
1219 857 1306 893 haar
1339 857 1483 893 aanzien
1516 857 1565 892 als
1601 857 1865 906 nabootzingen

235 932 254 953 s
284 930 356 956 van
383 916 431 955 de
459 915 774 968 asschaduwing'en
801 914 867 954 der
888 914 1158 968 grondvormen
1186 930 1257 954 van
1284 915 1330 954 de
1358 916 1596 954 intellectuele
1627 917 1786 955 wereld.·
1805 918 1867 956 De

238 995 256 1016 a>
286 979 543 1016 kunststukken
570 990 642 1015 van
672 977 817 1014 Phidias
857 991 904 1015 en
933 979 1065 1016 Zeuxis
1102 977 1242 1016 zouden
1269 978 1357 1016 hem
1391 986 1445 1015 tot
1491 976 1626 1016 andere
1665 978 1867 1029 gedachten

235 1055 254 1075 s
284 1039 430 1090 gebragt
449 1038 595 1075 hebben
606 1064 617 1086 7
638 1037 762 1075 indien
784 1038 835 1087 hy
853 1049 920 1074 zoo
939 1039 1018 1075 veel
1039 1039 1290 1087 kunstgevoel,
1302 1039 1352 1073 als
1369 1038 1565 1088 wysgeerig
1583 1031 1699 1088 genie,
1716 1041 1865 1078 bezeten

235 1116 254 1136 2
284 1098 370 1137 had.

291 1161 437 1198 «Plato
457 1174 542 1211 mg,
563 1171 638 1198 met
662 1159 709 1198 de
729 1170 861 1198 meeste
888 1161 983 1198 oude
1008 1173 1239 1212 wysgeeren,
1260 1161 1334 1199 den
1358 1170 1548 1199 staatsman
1578 1162 1623 1198 of
1635 1175 1797 1213 wysgeer
1815 1165 1863 1201 als

236 1238 255 1259 κ»
285 1235 353 1259 een
381 1222 462 1259 veel
487 1221 780 1271 voortreffelyker
805 1235 929 1260 wezen
948 1221 1021 1258 dan
1039 1235 1106 1259 een
1125 1222 1338 1259 kunstenaar
1364 1222 1408 1258 of
1427 1221 1569 1258 dichter
1595 1236 1673 1259 aan.
1697 1224 1756 1261 De
1777 1234 1865 1261 staat

236 1302 256 1322 s
287 1299 361 1323 was
392 1284 456 1322 het
489 1293 613 1334 groote
647 1282 731 1321 doel
763 1284 908 1321 hunner
938 1284 1267 1333 beschouwingen3
1294 1283 1377 1321 alles
1404 1296 1477 1322 was
1511 1283 1657 1321 hieraan
1684 1285 1866 1337 onderge-

237 1360 257 1382 ν
287 1345 410 1383 schikt.
437 1345 519 1395 Hy,
547 1343 607 1380 die
633 1343 707 1381 den
739 1353 828 1380 staat
860 1343 1036 1394 wysselyk
1066 1342 1281 1393 hestuurde⁷
1314 1344 1359 1380 of
1376 1342 1493 1394 goede
1526 1353 1661 1382 wetten
1687 1347 1751 1397 gaf
1755 1374 1767 1397 7
1791 1360 1867 1386 was

238 1425 258 1446 ι
286 1407 508 1458 groot3hy‚
533 1405 592 1444 die
612 1405 658 1444 de
679 1405 885 1443 dichtkunst
910 1406 955 1442 of
971 1405 1105 1443 andere
1131 1406 1284 1443 kunsten
1308 1405 1509 1443 beoefende
1525 1434 1536 1455 7
1560 1406 1632 1444 kon
1654 1407 1795 1446 weelde
1818 1424 1865 1446 en

238 1485 258 1506 ο
287 1467 536 1506 zedenbederf
554 1468 617 1517 (in
644 1467 722 1504 hun
759 1467 933 1517 gevoelen
958 1467 1120 1515 althans)
1152 1466 1410 1516 veroorzaken,
1441 1480 1488 1505 en
1519 1465 1592 1504 den
1626 1478 1715 1505 staat
1747 1470 1865 1506 seha-

237 1546 257 1567 2
287 1528 395 1579 delyk
421 1541 491 1578 zyn
518 1529 586 1577 (2).
610 1544 629 1564 »

288 1589 403 1640 Quod
426 1591 454 1626 si
475 1589 712 1635 Aristotelem
729 1590 955 1640 inspicimus,
976 1590 1041 1626 alia
1065 1601 1209 1639 prorsus
1230 1601 1267 1625 se
1286 1588 1390 1625 nobis
1417 1590 1523 1626 offert
1544 1603 1662 1627 rerum
1692 1590 1863 1628 conditio.

239 1653 472 1703 Optimorum
500 1661 687 1701 poetarum
719 1665 840 1689 amore
868 1661 1012 1701 captus,
1036 1663 1200 1700 magnam
1231 1650 1474 1700 persentiebat
1513 1665 1637 1689 eorum
1666 1651 1861 1690 utilitatem.

236 1714 393 1758 Noverat
422 1713 480 1749 ille
509 1712 606 1749 nulla
640 1713 749 1762 magis
779 1725 819 1749 re
845 1713 993 1763 reprimi
1023 1712 1105 1750 vitia
1139 1721 1175 1749 et
1201 1714 1325 1764 corrigi
1339 1743 1350 1763 7
1385 1725 1493 1765 quam
1524 1713 1622 1763 gravi
1659 1721 1694 1749 et
1726 1714 1864 1751 sincera

237 1775 422 1824 oratione,
450 1787 557 1825 quam
593 1774 759 1824 exemplo
775 1801 786 1822 ,
817 1787 890 1824 quo
918 1775 1043 1819 omnes
1067 1776 1182 1811 noxiae
1214 1774 1448 1825 cupiditatum
1473 1775 1625 1824 sequelae
1655 1775 1789 1811 civibus
1813 1777 1862 1813 ob

238 1835 359 1874 oculos
385 1844 616 1887 ponerentur.
645 1833 868 1873 Profundam
894 1836 1043 1873 omnino
1069 1835 1217 1873 humani
1250 1836 1359 1873 animi
1396 1836 1635 1886 cognitionem
1665 1835 1863 1875 ostendisse

237 1898 328 1935 mihi
349 1897 512 1947 videtur,
539 1910 650 1947 quum
674 1897 811 1947 regulas
833 1896 998 1936 definiret
1026 1896 1227 1948 tragoediae,
1252 1898 1482 1948 remediaque
1507 1896 1680 1935 indicaret
1712 1899 1862 1947 quibus,

238 1968 279 1996 ut
312 1960 536 2010 propositum
563 1969 889 2009 consequerentur⁷
923 1960 1095 1997 utendum
1126 1959 1217 1997 foret
1255 1960 1380 2010 poetiS.
1412 1959 1523 2008 Cujus
1557 1959 1609 1995 rei
1645 1960 1674 1995 si
1700 1961 1862 2009 exempla

238 2021 345 2060 citare
371 2021 524 2071 venem,
551 2030 716 2059 sexcenta
747 2019 794 2058 ad
812 2014 959 2060 manum
983 2022 1119 2072 forent,
1144 2036 1164 2059 e
1196 2021 1322 2072 quibus
1357 2020 1483 2059 electio
1516 2020 1609 2059 soret
1631 2019 1859 2071 difficillima3

238 2082 377 2119 nullum
406 2084 526 2131 enim,
554 2081 655 2132 quod
681 2083 787 2118 sciam
801 2109 812 2131 7
843 2083 974 2119 alicubi
1009 2082 1107 2120 dedit
1140 2082 1358 2132 praeceptum
1395 2082 1584 2119 moralitati
1622 2083 1861 2131 contrarium,

280 2209 325 2252 (1)
342 2210 411 2242 vid.
433 2212 558 2243 Bakker
568 2210 797 2252 Verhandeling
812 2221 882 2244 over
899 2211 952 2244 het
972 2211 1068 2244 Ideaal
