2078 2790
485 208 545 238 AD
573 204 742 246 QnAEs'r.
774 204 887 236 Pfflt..
916 201 1081 236 mon.
1109 202 1168 236 ΕΤ
1197 202 1341 234 urm.
1368 200 1541 234 HUMAN.
1784 187 1839 230 63

207 279 435 332 opinionibus
447 305 460 329 ,
480 276 770 316 contentionibus
784 305 795 327 ,
815 277 1165 328 perturbationibus,
1181 277 1293 326 iisque
1310 288 1388 312 non
1407 286 1489 312 raro
1505 274 1598 310 inter
1620 286 1656 310 se
1672 284 1837 323 pugnan-

204 343 318 393 tibuS,
342 341 577 385 vehementer
609 339 758 390 agitatur
791 340 860 390 (ι).
888 339 1035 390 Sapiens
1065 350 1154 378 vero
1184 338 1298 375 tristes
1325 350 1423 374 casus
1453 345 1490 374 et
1515 335 1670 373 miserias
1699 333 1836 372 facilius

204 405 316 453 feret,
342 415 450 453 quam
472 402 590 439 caeteri
619 402 701 451 (2),
726 402 874 438 rationis
904 400 1070 451 praesidio
1098 401 1208 437 animi
1234 400 1519 451 perturbationes
1550 397 1737 434 continens
1767 396 1837 445 (3).

203 466 255 502 At
282 464 364 515 quia
390 463 482 502 nihil
506 463 680 514 majorem
715 462 901 500 imitationi
925 463 1026 500 affert
1048 463 1255 501 varietatem
1286 474 1394 512 quam
1416 463 1447 495 τὲ
1469 461 1674 503 &ravantum
1698 459 1836 496 animus

205 535 329 564 contra
350 527 489 578 sapiens
511 535 548 563 et
573 525 789 576 compositus
811 538 954 575 semper
975 525 1040 562 sibi
1056 525 1178 562 similis
1207 533 1287 574 est,
1309 536 1380 561 nec
1406 522 1508 560 facile
1533 522 1730 558 imitatione
1754 534 1832 558 ex—

201 589 393 640 primitur,
419 601 491 626 nec
520 589 549 626 si
582 601 766 639 expressus
799 587 926 637 fuerit,
947 587 1052 637 vulgo
1083 587 1227 638 placere
1257 587 1348 624 solet
1361 613 1373 635 ,
1395 595 1503 637 poeta
1533 590 1699 630 nannum}
1719 583 1830 620 fertur

202 650 250 689 ad
285 651 521 689 imitationem
551 650 747 689 turbulenti
779 659 815 688 et
844 649 933 689 varii
965 649 1053 688 illius
1075 656 1160 694 ἕως
1180 649 1261 699 (4);
1292 662 1399 700 quam
1427 648 1531 699 igitur
1560 648 1670 686 animi
1697 657 1838 699 partem

203 713 464 752 commotiones
485 714 639 751 maxime
650 713 808 750 afficiunt
816 722 852 750 et
869 722 1122 763 commovent,
1144 725 1256 764 quum
1275 725 1355 750 eam
1369 712 1486 763 poesis
1506 714 1649 756 μιμηταὶ
1670 710 1833 760 inprimis

203 777 331 815 excitet
341 804 353 827 ,
364 786 590 826 commoveat
602 804 613 827 ,
626 785 779 827 occupet
791 786 846 826 et,
860 774 947 813 dum
960 775 1039 814 haec
1052 775 1207 815 validam
1218 774 1338 813 reddit
1351 776 1552 826 ,rationem
1571 773 1745 823 (λογισυιυ)
1768 784 1834 822 Op-

201 839 331 890 primat
342 851 383 876 ac
389 837 518 890 perdat
528 839 584 889 (5)
599 866 610 889 ,
628 839 823 889 praesertim
836 852 947 889 quum
956 838 1015 876 vel
1026 839 1167 889 optimis
1183 847 1346 876 nostrum
1358 837 1496 875 accidat
1509 865 1523 888 ,
1538 845 1579 874 ut
1589 835 1834 875 vehementis-

200 900 297 937 simis
307 900 416 937 animi
432 900 587 938 motibus
599 901 637 937 in
649 899 912 951 praeclariorum
923 899 1112 937 hominum
1131 900 1470 951 repraesentatione,
1489 911 1568 936 non
1586 898 1663 935 sine
1676 901 1835 940 rvpaeaon'.

204 961 491 1012 contemplandis
504 989 516 1011 ,
537 961 684 999 eosdem
706 961 747 998 in
764 974 801 999 se
814 962 902 1012 -ipsis
923 963 971 999 ita
989 962 1147 999 nutriant
1165 971 1201 1000 et
1228 962 1394 1011 firment,
1417 970 1480 1011 ut,
1502 973 1593 1011 quos
1623 961 1663 997 in
1681 959 1833 997 aliorum

199 1023 366 1060 aerumnis
399 1023 601 1073 amoribus,
632 1024 692 1059 iris
728 1023 1043 1061 corroboraverint
1071 1034 1153 1074 post
1174 1026 1214 1060 in
1239 1024 1308 1060 suis
1329 1022 1499 1060 cohibere
1526 1021 1703 1060 difficilius
1730 1035 1827 1072 pos-

198 1086 269 1122 sint
280 1085 354 1133 (6):
378 1085 613 1134 voluptariam
628 1085 723 1120 illam
738 1097 875 1121 musam
896 1096 974 1121 non
993 1085 1205 1134 recipiemus
1227 1087 1264 1122 in
1288 1084 1567 1136 rempublicam,
1584 1085 1642 1121 cui
1654 1085 1683 1121 si
1694 1082 1830 1120 aditum

201 1145 444 1195 praeberemus
472 1145 634 1195 voluptas
662 1154 698 1181 et
727 1144 874 1181 taedium
904 1155 1093 1195 regnatura
1124 1156 1242 1183 essent
1271 1159 1339 1196 pro
1371 1146 1448 1195 lege
1478 1155 1515 1182 et
1550 1159 1618 1195 pro
1657 1144 1802 1182 domina
1818 1173 1829 1194 ,

217 1207 379 1245 omnium
406 1215 442 1244 et
465 1207 586 1257 regina
616 1207 762 1245 rationis
784 1208 854 1258 (7).

248 1266 475 1305 Accedamus
500 1267 546 1304 ad
562 1269 712 1306 alterum
729 1268 816 1305 illud
829 1298 840 1316 ‚
856 1282 972 1319 neque
997 1271 1051 1307 ad
1076 1282 1207 1307 veram
1227 1270 1439 1307 doctrinam
1463 1270 1586 1308 utilem
1613 1283 1687 1309 esse
1695 1275 1828 1321 poesin

197 1331 364 1371 μιμητσίηι.

245 1386 367 1424 Pooeis
383 1404 525 1430 μιμητικη
547 1387 587 1424 in
607 1386 804 1423 imitatione
823 1395 994 1424 versatur.
1017 1386 1145 1424 Omnis
1170 1395 1287 1424 autem
1315 1387 1463 1424 imitatio
1485 1388 1589 1425 tertio
1614 1388 1698 1425 loco
1730 1388 1828 1425 abest

197 1463 218 1486 a
244 1461 333 1488 vero
362 1450 433 1499 (8).
468 1449 568 1499 Quas
593 1449 698 1500 igitur
724 1458 832 1500 poeta
860 1453 1012 1494 μιμιίτιιὲς
1041 1449 1176 1500 praebet
1211 1450 1389 1500 rationes,
1420 1463 1470 1488 eae
1496 1465 1515 1487 a
1545 1452 1695 1489 veritate
1722 1438 1827 1501 longe

239 1524 285 1567 (ι)
306 1525 339 1555 L.
360 1536 386 1555 c.
408 1522 479 1564 604.
500 1523 536 1555 D.

237 1579 283 1623 (α)
304 1580 336 1611 L.
359 1591 384 1610 c.
406 1579 478 1611 603.
498 1578 533 1609 E.

236 1634 283 1677 (3)
303 1635 336 1664 L.
358 1646 384 1664 c.
405 1633 478 1672 604.
498 1633 577 1664 Δ-Ῑ).

236 1688 282 1731 (4)
303 1688 335 1719 L.
357 1699 383 1719 c.
405 1687 477 1727 604.
499 1686 543 1726 Ε,
565 1685 636 1717 605.
658 1688 692 1717 Α.

236 1743 281 1784 (5)
304 1743 366 1772 Pol.
388 1743 439 1780 X,
461 1741 533 1772 605.
555 1740 588 1770 B.

235 1795 281 1838 (6)
302 1795 365 1826 Pol.
387 1795 418 1827 X
429 1818 439 1835 ,
457 1793 530 1826 605.
550 1792 619 1824 C-E.
639 1792 703 1825 606
726 1793 801 1824 A-C.
820 1794 994 1838 eloquentia
1009 1806 1059 1826 sua
1077 1795 1234 1837 persuadet
1256 1796 1419 1828 lectoribus
1441 1797 1534 1827 Flam
1546 1821 1554 1835 ,
1571 1808 1640 1840 quae
1655 1797 1706 1829 hic
1722 1798 1828 1830 leviter

193 1849 407 1883 tantummodo
422 1851 584 1892 perstringi
602 1855 693 1892 atque
711 1849 824 1891 attingi
844 1855 994 1892 poterant.
1005 1852 1149 1882 Attamen
1169 1852 1268 1882 omnis
1283 1851 1348 1883 haec
1363 1857 1467 1883 contra
1480 1853 1586 1893 poesin
1603 1853 1759 1892 μιμητικὴ
1776 1866 1827 1884 ar-

192 1905 381 1947 gumentatio
397 1914 463 1935 non
484 1904 566 1935 cadit
586 1905 622 1934 in
644 1909 742 1935 artem
768 1904 866 1946 ipsam
886 1905 930 1935 ita
955 1903 1086 1935 absolute
1107 1915 1165 1935 nec
1192 1906 1227 1935 in
1248 1916 1319 1936 eum
1338 1911 1458 1947 poetam
1483 1907 1637 1937 scenicum
1654 1908 1708 1949 qui
1728 1909 1825 1939 animi

191 1959 324 1991 motibus
347 1959 381 1989 in
401 1958 588 1995 auditoribus
611 1957 781 1989 excitandis
800 1959 922 1989 eumin
944 1958 1065 1989 modum
1085 1958 1277 1997 moderetur,
1297 1965 1333 1988 ut
1357 1960 1523 1990 honestatis
1542 1960 1664 2001 legum,
1684 1961 1740 1991 sibi
1766 1964 1826 1993 nisi

191 2019 227 2044 ut
244 2017 358 2056 poetae,
381 2017 413 2044 at
433 2012 552 2044 homini
579 2017 678 2052 certe,
696 2011 941 2055 pmcriptarum
960 2011 1039 2044 haud
1061 2012 1221 2043 immemor
1242 2013 1299 2052 sit,
1317 2013 1413 2044 immo
1439 2019 1548 2056 praeter
1574 2015 1745 2046 auditorum
1767 2017 1824 2048 de-

191 2067 385 2098 lectationem
403 2078 500 2099 mores
520 2078 625 2098 eorum
647 2065 821 2098 formandos
839 2068 986 2109 respiciat.
1003 2067 1074 2104 Quis
1096 2067 1188 2108 igitur
1210 2068 1343 2108 optimus
1358 2068 1397 2098 sit
1418 2079 1537 2110 poeseos
1557 2070 1713 2108 pipam-mie
1734 2082 1804 2102 usus
1816 2097 1824 2111 ‚

191 2131 285 2163 quam
306 2126 418 2152 temere
441 2121 609 2153 adhibitam
635 2120 769 2153 moribus
789 2132 899 2153 nocere
927 2132 1007 2165 posse
1026 2122 1202 2163 negaverit,
1234 2121 1407 2154 docendum
1435 2129 1520 2162 erat,
1542 2135 1605 2154 non
1627 2126 1726 2156 omnis
1742 2126 1823 2158 illius

190 2186 261 2207 usus,
277 2175 467 2217 rejiciendos.

232 2227 278 2270 (7)
300 2228 362 2259 Pol.
385 2228 436 2268 X,
458 2229 530 2272 607.
554 2231 588 2260 A.
611 2229 654 2260 Cf.
677 2228 747 2272 607.
769 2228 802 2259 B.

232 2282 277 2324 (8)
299 2282 359 2313 Pol.
387 2282 432 2321 X,
461 2284 519 2325 597
540 2284 564 2313 E
566 2307 611 2314 .....
633 2284 681 2316 To¹r
707 2287 761 2316 rav*
778 2282 866 2324 τρίτου
891 2284 942 2324 ait‘px
965 2283 1130 2321 γεννήματος
1153 2284 1207 2314 εἰπὲ
1232 2287 1281 2317 7»ἷέ-
1305 2284 1427 2322 (paetus,
1448 2284 1572 2322 μιμηῐὶῖι
1594 2289 1692 2319 anfi,-
1705 2311 1819 2320 ......
