2078 2790
216 294 272 337 82
712 308 740 337 1.
774 305 912 339 nnscn
942 305 1100 339 xmsmt
1128 305 1363 340 nEsPoNsm

217 391 333 428 vaque
366 379 530 430 accipere
562 387 751 431 poterant,
778 391 859 430 quae
892 392 937 417 eo
967 380 1224 431 perniciosiora
1249 380 1368 418 forent
1393 391 1466 430 quo
1498 379 1703 431 pulchriore
1733 378 1853 419 induti

216 441 326 488 figura
347 438 591 477 tradebantur.
615 439 688 477 Sed
715 452 783 491 ego
817 453 962 491 quaero,
989 454 1036 478 an
1061 442 1165 491 igitur
1194 450 1311 491 poetoe
1348 449 1508 478 auctores
1537 440 1741 479 malorum?
1760 442 1856 479 Num

215 511 305 536 vero
338 500 413 550 ipsa
442 500 527 537 mali
559 501 639 538 fons
671 497 926 539 in'hominum
955 501 1081 538 animis
1113 510 1165 539 est
1195 500 1439 552 quaerendus?
1473 501 1559 539 Non
1589 502 1617 538 is
1647 515 1715 553 ego
1751 514 1857 552 sum,

216 562 279 611 qui
307 560 484 613 diffitear⁷
518 576 662 602 sensum
697 563 782 602 mali
804 563 951 601 excitari
976 575 1080 614 posse
1100 563 1146 601 ab
1174 563 1269 614 aliis,
1294 564 1333 602 in
1354 563 1477 615 primis
1503 577 1587 602 cum
1607 563 1667 601 illa
1703 565 1858 604 suaviter

216 633 501 673 proponuntur3
521 623 586 661 sed
601 624 680 662 haee
705 626 798 662 ratio
818 626 965 662 minime
986 624 1149 662 sufficere
1168 623 1311 662 videtur
1324 652 1336 675 ‚
1356 634 1395 662 ut
1418 626 1656 674 imitationem
1673 638 1856 664 arceamus

214 684 558 736 prohibeamusque.
584 684 744 723 Mediam
766 686 834 724 hac
856 687 893 723 in
913 699 953 724 re
974 686 1070 724 viam
1095 685 1265 738 praeclare
1291 687 1430 726 notavit
1455 686 1694 725 Plutarchus.
1721 704 1736 721 ιι
1758 694 1799 722 Ἐν
1817 691 1856 725 off

213 760 231 776 τ)
261 746 424 794 (inquit)
446 750 580 788 μάλιστα
607 748 655 780 δαῒ
681 750 723 781 τὲ·
748 747 801 782 sin
830 750 1004 790 {sig-rom,
1033 750 1232 789 διδανκᾶμυοι
1258 752 1303 781 ὄτι
1330 751 1379 786 wir
1402 753 1501 796 πρίξᾳ
1521 753 1576 799 ’.ἐκ
1609 751 1790 795 ι’πιινοέμιρ,
1824 747 1857 786 ἧς

214 821 230 838 >i
257 808 367 846 γέγοναν
390 811 407 844 η’
426 809 568 849 μίμησις,
590 809 671 842 ἑλλοὶ
696 810 744 846 τι),
768 813 886 851 η’χιην,
913 813 935 842 αι’
959 810 1123 850 μιμίμητιη
1145 810 1333 852 rpooqaeo'rrnc
1360 811 1393 843 ro*
1414 811 1595 855 drcntlpt'ros.
1621 823 1637 840 n
1662 806 1711 843 Et
1735 805 1858 857 pauno

213 866 361 904 inferius
386 879 417 902 c.
442 867 506 904 IV.
532 881 549 899 t(
565 872 583 905 η’
601 870 657 911 γὴ
672 873 723 901 ru*-
745 873 857 912 φαιὸλαη
873 869 1004 903 διέθει-ις
1020 872 1101 911 ι’,ιγοι
1120 868 1168 901 zai
1188 869 1309 909 μίμησις
1320 893 1328 909 ,
1343 869 1376 901 ab
1393 868 1627 912 προσ-κτιδᾷτῆν
1641 869 1858 910 συμβαίνουσιν,

213 945 230 961 >)
257 927 388 970 εἷο-ᾐών
402 930 450 962 καὶ
462 931 583 968 βλᾶβιιι
599 923 658 964 'rois-
672 930 873 972 s'pya'enpu‘me
885 918 1111 971 adimens-dn
1122 920 1239 968 s'sszoixltc
1250 930 1294 962 τὸ
1306 930 1471 972 dape-'pun’
1489 929 1545 972 (1).
1561 943 1577 959 u
1597 927 1677 977 Hoc
1694 927 1723 963 si
1735 928 1858 963 animo

212 986 382 1028 volvisset
400 985 535 1037 Pl'ato,
551 982 759 1038 poematum
767 986 860 1025 mala
878 987 1008 1037 vitare,
1025 986 1130 1023 bonis
1142 986 1266 1038 utique
1281 986 1352 1023 frui
1368 986 1553 1038 posuisset.
1572 986 1658 1024 Haee
1674 998 1859 1026 vei-onon

214 1050 322 1086 unica
335 1049 402 1086 fuit
420 1047 627 1092 imitationis
644 1047 808 1092 arcendae
825 1062 938 1086 causa.
956 1049 1135 1086 Praeterea
1156 1049 1254 1086 enim
1267 1050 1421 1086 maxime
1438 1062 1522 1086 cum
1538 1042 1646 1099 ipsius
1669 1050 1858 1105 proposito

216 1110 439 1159 congruebat
453 1135 464 1157 ,
487 1117 525 1143 ut
548 1109 642 1144 cives
665 1120 748 1145 suos
772 1110 873 1151 omni
892 1110 1081 1146 affectione
1101 1109 1279 1144 immunes
1300 1107 1367 1144 sibi
1397 1108 1557 1157 fingeret.
1579 1109 1854 1147 Imitatioenim

213 1170 382 1207 homines
402 1169 576 1219 proponit
598 1177 638 1204 ut
662 1177 767 1217 sunt,
790 1179 867 1204 non
892 1168 944 1204 uti
965 1180 1041 1204 esse
1066 1179 1129 1204 eos
1150 1175 1304 1218 oportet.
1330 1167 1453 1204 Homo
1478 1161 1597 1205 autem
1618 1162 1718 1205 rudis
1741 1178 1777 1206 et
1796 1171 1859 1207 in-

216 1232 353 1279 cultus,
385 1231 447 1280 qui
481 1243 639 1266 sensuun
668 1228 926 1265 titillationibus
939 1256 950 1278 ,
983 1240 1061 1270 non
1096 1228 1226 1264 rationi
1256 1228 1315 1266 vel
1350 1228 1610 1279 philosophiae,
1644 1222 1859 1280 obsequium

214 1293 360 1339 tribuit,
396 1301 434 1328 et
465 1291 714 1329 vehementius
748 1303 826 1326 suas
855 1290 1061 1326 affectiones
1097 1290 1252 1327 externis
1284 1290 1390 1339 siguis
1414 1302 1488 1340 prae
1513 1304 1550 1326 se
1581 1290 1673 1339 fert3
1709 1299 1858 1329 moestus

215 1365 340 1404 pectus
370 1353 531 1403 plangit⁷
562 1365 765 1403 corpusque
795 1352 951 1400 lacerat3
974 1354 1093 1391 iratus
1122 1351 1233 1387 oculis
1265 1350 1450 1400 fulminat3
1478 1352 1611 1389 loetitia
1634 1366 1673 1390 se
1701 1354 1858 1404 efferens

215 1414 365 1451 exsultat
391 1414 489 1463 fere,
522 1424 721 1463 omnesque
748 1412 877 1448 laetitiae
915 1412 1077 1448 conscios
1104 1411 1196 1447 facit.
1231 1432 1277 1439 —
1304 1411 1385 1447 Non
1413 1424 1502 1449 vero
1528 1412 1614 1450 tales
1652 1406 1738 1449 suos
1764 1414 1857 1450 cives

213 1478 350 1525 voluit,
372 1477 519 1524 Plat0‚·
545 1489 665 1526 neque
691 1473 799 1512 taedio
828 1487 948 1524 neque
971 1473 1153 1524 voluptate
1176 1474 1342 1523 affectos,
1375 1471 1535 1511 eandem>
1557 1486 1699 1525 semper
1730 1469 1857 1512 stontis

216 1528 352 1574 serenae
370 1538 494 1574 faciem
512 1549 586 1586 prae
612 1550 650 1572 se
677 1535 770 1572 serre
796 1535 908 1583 jussit.
933 1534 995 1570 An
1023 1534 1109 1571 tales
1133 1548 1208 1571 esse
1233 1535 1399 1575 homines
1430 1535 1590 1585 possint,
1612 1530 1741 1574 merito
1762 1548 1858 1585 quoe-

216 1600 329 1646 ritur3
362 1598 518 1634 humana
553 1598 650 1633 enim
679 1596 776 1632 exuti
806 1594 976 1644 dignitate
991 1621 1002 1643 ‚
1024 1603 1147 1631 statuae
1175 1596 1302 1632 fierent
1322 1595 1455 1645 absque
1483 1595 1552 1634 ulla
1577 1592 1770 1633 'affectione
1799 1589 1858 1634 vvel

216 1665 347 1704 ‘nm-722·
383 1659 501 1695 Plato
540 1659 652 1694 immo
684 1658 759 1707 ipse
796 1655 870 1691 hoc
908 1656 1050 1705 negavit
1065 1683 1077 1705 7
1113 1655 1175 1692 ubi
1204 1656 1297 1692 libro
1331 1656 1368 1692 X
1403 1656 1559 1707 probum
1585 1653 1857 1707 sapientemque

216 1725 336 1760 virum
372 1720 546 1771 proponit
564 1746 575 1767 7
604 1720 686 1768 qui,
728 1716 963 1768 praesentibus
1004 1717 1144 1766 amieis,
1182 1717 1315 1766 justum
1345 1731 1449 1754 suum
1483 1716 1530 1753 de
1557 1728 1674 1755 morte
1703 1718 1763 1754 filii
1798 1731 1860 1755 oc-

218 1784 327 1820 cultat
365 1781 530 1819 dolorem
545 1806 557 1829 ,
596 1779 658 1829 qui
696 1790 783 1815 vero
818 1777 911 1814 solus
945 1777 1013 1814 sibi
1046 1777 1190 1814 relictus
1231 1777 1349 1828 plorat
1362 1804 1374 1827 ,
1412 1785 1517 1828 atque
1555 1778 1602 1814 ita
1642 1776 1775 1815 dolori·
1794 1775 1858 1816 suo

218 1848 319 1883 frena
354 1844 500 1892 injicere
533 1854 681 1892 prorsus
715 1841 849 1890 nequit.
876 1840 1006 1877 Merito
1037 1838 1231 1876 laudantur.
1263 1839 1287 1874 ii
1319 1839 1381 1888 qui
1406 1839 1653 1876 affectionibus
1676 1841 1746 1877 suis
1785 1835 1860 1878 im'-

218 1914 371 1958 perant⁷
398 1903 463 1942 sed
498 1912 622 1940 contra
652 1903 692 1939 in
720 1902 909 1939 atrocitatis
941 1913 983 1937 ac
1018 1899 1284 1938 inhumanitatis
1325 1900 1462 1938 crimen
1494 1900 1684 1939 incurrunt
1708 1902 1762 1951 ei,
1797 1903 1861 1953 qui

219 1969 318 2006 nulla
352 1967 503 2004 omnino
538 1979 577 2002 re
608 1972 885 2002 commoventur
915 1963 973 2000 vel
1004 1961 1052 1999 ad
1088 1962 1243 1999 laetitiam
1273 1962 1332 2004 vel
1361 1961 1408 1998 ad
1436 1961 1612 2001 dolorem.
1645 1964 1750 2013 Jam,
1771 1963 1860 2014 quid

219 2031 342 2067 forent
363 2028 539 2065 Platonis
568 2026 618 2062 illi
650 2026 745 2063 cives
770 2025 838 2062 nisi
874 2024 1117 2072 simulatores,
1149 2025 1210 2073 qui
1244 2023 1332 2073 quid
1370 2025 1546 2067 sentirent
1578 2024 1722 2075 publice
1748 2023 1858 2062 dissi-

222 2088 430 2129 mularent?
1665 2082 1668 2085 ⁴

271 2150 547 2201 Opprobrium‚
574 2148 674 2197 quod
696 2148 814 2185 Plato
835 2148 990 2198 conjecit
1011 2150 1050 2184 in
1071 2148 1130 2183 illa
1150 2158 1357 2197 poematum
1378 2149 1457 2184 loca
1471 2175 1483 2196 ‚
1521 2147 1654 2197 quibus
1676 2146 1723 2183 de
1757 2147 1859 2197 Diis,

221 2211 480 2261 Daemonibus,
509 2210 725 2260 illorumque
752 2210 850 2247 factis
884 2209 1027 2261 agibant
1041 2238 1053 2260 ⁷
1089 2221 1134 2247 ex
1167 2208 1295 2248 eodem
1330 2209 1433 2247 fluxit
1458 2208 1581 2258 fonte,
1617 2208 1731 2259 poetis
1762 2208 1860 2248 enim

263 2344 310 2387 (ι)
329 2345 407 2376 Plut.
424 2344 462 2377 de
477 2344 545 2377 aud.
569 2349 648 2387 poet.
669 2355 697 2376 c·
710 2344 728 2375 3
743 2349 774 2376 et
788 2343 817 2384 4.
833 2343 879 2376 ed.
903 2342 1082 2386 Wyttensb.
