2078 2790
234 261 290 303 60
726 273 756 303 ι.
792 270 930 304 ausen
959 268 1117 303 Kmsnn
1148 269 1386 304 RESPONSIO

234 342 405 381 Hesiodo
430 341 576 394 aliisque
604 341 721 394 poetis
740 351 957 392 occurrunt,
986 353 1157 391 censura,
1185 353 1231 380 eo
1257 341 1341 381 loco
1365 341 1429 380 ubi
1460 342 1507 380 de
1533 340 1745 380 educatione
1766 351 1870 392 atque

235 417 434 454 puerorum
459 404 681 442 institutione
706 405 877 455 praecepit
904 404 974 453 (1).

285 464 375 515 Quo
409 476 529 503 autem
562 466 672 516 magis
700 465 875 502 elucescat
889 494 901 515 7
931 478 1041 515 quam
1073 478 1184 517 prave
1215 464 1332 516 mythi
1356 465 1412 502 isti
1441 465 1512 502 sint
1544 466 1755 517 compositi,
1782 463 1870 502 duas

235 528 388 576 apponit
403 527 595 577 formulas,
608 526 654 564 ad
673 540 757 577 quas
776 526 897 576 effingi
917 526 1020 577 jubet
1036 554 1048 577 ‚
1064 540 1288 578 quaecunque
1305 536 1422 578 poetae
1446 526 1493 564 de
1514 526 1579 564 diis
1593 527 1791 577 praedicent
1800 527 1873 576 (2).

234 586 340 625 Prior
368 597 421 626 est
437 616 450 639 ,
477 588 586 627 deum
613 601 691 625 non
718 600 795 626 esse
817 590 981 626 omnium
1004 602 1128 626 rerum
1153 601 1325 627 caussam
1339 615 1351 639 ,
1370 588 1438 627 sed
1460 587 1642 626 bonarum
1666 588 1871 626 duntaxat.

234 648 383 699 Altera,
408 653 536 701 nequis
562 649 671 687 deum
694 650 800 688 dicat
824 663 940 701 neque
959 650 1063 688 velut
1087 654 1405 702 praestigiatorem
1430 663 1469 688 se
1501 659 1646 688 mutare
1664 663 1780 700 neque
1805 663 1874 687 nos

238 711 441 749 mendaciis
469 711 665 762 seducere,
691 724 758 749 nec
784 714 825 749 in
855 711 1084 751 sermonibus
1101 740 1114 763 ,
1134 726 1201 751 nec
1225 715 1263 750 in
1277 713 1417 763 factis.

285 772 394 809 Initio
426 774 521 810 tertii
541 773 623 810 libri
650 773 780 810 iterum
802 773 904 824 plura
924 782 1115 823 poetarum
1139 783 1302 811 recenset
1320 783 1549 823 commenta,
1577 775 1754 811 contraria
1775 773 1872 810 hisce

240 832 350 882 ipsius
370 835 580 885 praeceptis:
621 835 625 838 ’

287 895 317 931 1.
354 896 496 933 Futuris
538 896 686 933 civitatis
721 895 960 933 servatoribus
993 895 1148 933 dicenda
1181 908 1288 945 esse,
1337 908 1416 947 quae
1431 934 1433 936 ,
1451 896 1560 934 fortes
1594 910 1655 934 eos
1688 896 1844 935 reddant
1862 925 1873 947 ,

236 956 436 1007 mortisque
464 966 499 995 et
524 956 724 994 inferorum
754 966 892 994 metum
917 969 1115 1008 omnesque
1147 957 1419 994 lamentationes
1449 958 1609 996 auferant
1631 958 1699 1008 (3).

287 1019 334 1055 11.
361 1018 571 1056 Ferendum
587 1030 666 1055 non
686 1031 761 1055 esse
777 1027 945 1069 poetam,
972 1020 1034 1069 qui
1057 1019 1153 1056 viros
1174 1019 1324 1057 illustres
1347 1028 1453 1069 atque
1476 1018 1568 1057 adeo
1595 1019 1682 1058 deos
1702 1020 1806 1058 faciat
1821 1021 1875 1057 in-

239 1080 458 1117 cachinnum
484 1081 625 1117 effusos.

288 1142 352 1178 111.
376 1140 566 1180 Mendacia
593 1155 670 1179 esse
694 1155 841 1193 prorsus
864 1141 1020 1180 vitanda.

286 1204 353 1242 IV.
378 1203 638 1254 Magistratibus
668 1205 762 1242 cives
786 1216 936 1255 parere,
957 1203 1178 1253 magistratus
1202 1216 1239 1241 se
1260 1203 1355 1254 ipsos
1375 1216 1499 1254 regere
1532 1203 1666 1242 debere
1695 1205 1763 1255 (4).

287 1265 336 1302 V.
361 1264 488 1314 Neque
502 1278 543 1301 ea
559 1265 639 1301 loca
658 1263 882 1302 admittenda
902 1277 976 1301 esse
986 1292 998 1313 7
1016 1264 1079 1301 uhi
1100 1263 1151 1300 dii
1166 1273 1227 1301 aut
1241 1265 1326 1301 clari
1341 1266 1408 1302 viri
1420 1264 1525 1302 donis
1539 1266 1673 1315 placari
1688 1265 1853 1304 dicantur
1863 1298 1875 1317 ‚

240 1335 301 1363 aut
328 1325 393 1363 ubi
414 1324 511 1362 aliud
544 1323 632 1376 quid
654 1326 698 1362 ab
720 1325 893 1363 heroibus
920 1326 978 1363 vel
1007 1325 1117 1376 impie
1140 1325 1199 1363 vel
1225 1323 1416 1364 crudeliter
1438 1326 1497 1364 vel
1521 1325 1667 1365 sordide
1698 1336 1875 1378 patratum

238 1398 403 1425 narretur
434 1388 503 1437 (5).

292 1449 476 1501 Castigatis
511 1458 701 1501 poetarum
731 1449 943 1487 commentis
972 1447 1018 1486 de
1053 1447 1145 1499 diis,
1189 1447 1438 1501 daemonibus,
1473 1449 1643 1489 hero'ibus
1674 1461 1709 1490 et
1734 1451 1781 1490 de
1806 1454 1845 1491 iis
1863 1482 1875 1504 ⁷

240 1525 320 1564 quae
342 1522 426 1551 sunt
456 1510 554 1563 apud
582 1511 713 1550 inferos
727 1538 739 1561 ‚
764 1512 870 1549 etiam
893 1510 940 1550 de
964 1507 1172 1554 hominibus
1196 1512 1347 1563 pessime
1373 1524 1434 1551 eos
1457 1512 1555 1564 loqui
1572 1512 1659 1551 dicit
1680 1515 1717 1552 in
1739 1528 1779 1553 re
1797 1528 1875 1566 gra-

280 1672 327 1715 (1)
349 1672 436 1704 Polit.
456 1672 503 1711 11,
529 1674 588 1714 377
608 1672 646 1702 D.

280 1726 327 1768 (2)
348 1726 453 1759 Τᾶπονς
473 1728 496 1757 ίι
517 1725 558 1758 ἷις
579 1725 629 1756 δεῖ
644 1726 804 1764 μνδολογῶ
826 1727 890 1756 rw}
908 1724 1026 1759 ⁰101qu
1045 1724 1134 1755 Polit.
1155 1725 1205 1763 11,
1225 1726 1285 1770 379
1307 1725 1341 1755 Α.

279 1779 326 1823 (3)
347 1780 435 1810 Polit.
456 1780 500 1810 111
510 1803 519 1819 ‚
535 1791 566 1822 p.
588 1778 649 1810 386
665 1781 706 1810 Α..

281 1833 328 1876 (4)
347 1833 437 1871 Quod
465 1835 489 1864 si
509 1844 578 1875 quae
605 1834 668 1864 sint
690 1835 816 1864 Ihmen'
838 1833 924 1872 loca,
948 1832 1002 1863 ubi
1024 1832 1085 1863 tale
1111 1831 1187 1873 quid
1213 1831 1461 1870 commendetur,
1490 1842 1525 1863 ea
1548 1832 1706 1874 probanda
1727 1845 1801 1874 esse,
1823 1836 1877 1867 ubi

238 1898 310 1919 vero
326 1887 515 1917 contrarium
527 1910 536 1925 ‚
555 1897 590 1918 ea
611 1886 776 1929 rejicienda
786 1910 796 1925 ‚
816 1885 887 1925 408.

279 1940 325 1983 (5)
347 1940 436 1972 Polit.
466 1940 529 1980 111,
552 1942 608 1983 391
631 1940 712 1972 A-D.
732 1941 782 1972 An
806 1941 923 1976 Plato,
944 1940 999 1982 qui
1019 1939 1058 1970 ab
1080 1938 1176 1969 animi
1198 1938 1476 1981 perturbationibus
1496 1938 1606 1971 liberos
1626 1951 1687 1972 esse
1705 1941 1878 1983 reipulssicae

238 2006 298 2026 suae
318 1995 397 2027 cives
409 2018 418 2033 ‚
438 2005 549 2036 eosque
571 1995 689 2024 ratione
712 1994 777 2024 sola
798 1994 860 2035 regi
877 1994 984 2033 vellet,
1005 1992 1150 2024 omnibus
1168 1993 1231 2025 istis
1250 1993 1324 2024 locis
1341 1994 1450 2025 merito
1469 1994 1699 2036 reprehenderit
1714 2000 1816 2036 poetas
1837 1997 1876 2027 ob

238 2049 334 2080 :mimi
353 2048 588 2087 commotiones,
607 2048 680 2080 vitia
699 2053 730 2079 et
749 2047 860 2079 scelera
879 2052 932 2077 aut
953 2047 1010 2079 diis
1029 2052 1083 2078 aut
1099 2046 1265 2081 illustribus
1286 2047 1357 2079 viris
1382 2047 1496 2078 tributa
1501 2071 1511 2087 ‚
1530 2047 1655 2079 inferius
1675 2048 1802 2080 dicetur.
1813 2050 1876 2081 Hoc

236 2115 336 2134 unum
360 2103 532 2145 repetivisse
556 2102 698 2145 juvabit,
720 2113 791 2134 eum
815 2103 919 2133 omnia
945 2102 998 2132 illa
1023 2102 1124 2134 dicere
1146 2101 1185 2131 ad
1207 2107 1324 2134 aetatem
1345 2113 1431 2133 suam
1451 2103 1682 2144 respicientem,
1702 2114 1763 2144 qua
1784 2105 1877 2146 poetis

234 2157 392 2188 audiendis
414 2157 551 2187 maxima
570 2166 638 2197 pars
659 2156 782 2197 puerilis
802 2156 1003 2187 institutionis
1023 2154 1238 2187 continebatur
1258 2161 1349 2198 atque
1368 2155 1442 2186 inde
1462 2166 1536 2186 cum
1554 2157 1624 2187 vitae
1640 2157 1786 2198 exemplis
1804 2168 1878 2199 pra—

236 2222 345 2244 vorum
364 2221 448 2241 more
466 2210 622 2242 excusatio
637 2215 799 2251 peteretur.
819 2211 910 2241 Recte
930 2215 1030 2241 autem
1050 2209 1246 2252 philosophus
1268 2210 1330 2241 Pol.
1348 2210 1397 2249 11,
1418 2219 1448 2251 p.
1465 2210 1524 2252 377
1547 2208 1579 2239 B.
1599 2208 1638 2240 de
1658 2209 1857 2243 adolescentia
1869 2226 1878 2243 :

237 2264 347 2305 pub-tu
367 2264 422 2306 γὴ
446 2264 482 2300 δὲ
504 2263 568 2296 ro'rt
593 2263 756 2295 raka-runa
773 2263 821 2295 za}
841 2263 966 2296 &dicus
988 2278 1072 2297 roms
1092 2263 1118 2296 ἓν
1140 2263 1173 2295 ἔν
1193 2278 1235 2297 τις
1256 2263 1392 2301 Mean-ae
1414 2261 1612 2306 ιἰσσμῇιιινθιι
1633 2263 1730 2305 ὄιές-ρ.
1751 2264 1886 2308 (nands

238 2319 288 2361 pair
308 2320 369 2362 Zur)
389 2319 444 2362 'Af‘
470 2319 511 2353 οὖν
539 2318 639 2362 ῥᾳδῖας
660 2318 729 2352 o'v'rn
754 2318 910 2362 ’κρίνομεν
935 2319 998 2353 rode
1022 2318 1207 2359 t'mruxo'rras
1229 2318 1286 2352 :ia-u*
1308 2321 1359 2351 ru‘i
1381 2316 1563 2358 ι’πιτυχὸντω
1585 2318 1681 2359 μιῖθονς
1704 2320 1876 2354 πλινθίνης
1909 2331 1913 2335 ’
