2078 2754
482 229 540 260 AD
571 226 740 268 QUAES‘rs
773 224 940 258 PmLos.
957 225 1138 259 —THEOR.
1172 225 1231 258 ET
1260 226 1403 258 LITER.
1437 226 1608 259 HUMAN.
1813 213 1864 270 73

230 300 507 351 significatione:
543 299 775 335 dramaticam
803 301 941 349 nempe
966 308 1106 349 partem
1138 298 1231 349 epici
1253 299 1417 336 carminis
1449 297 1634 336 interdum
1656 298 1693 334 in
1718 308 1763 335 eo
1788 294 1864 333 ad-

227 362 330 399 mitti.
350 362 526 413 Exempla
547 369 743 398 occurrunt
767 360 804 398 in
823 359 900 398 odis
923 360 1120 410 Pindaricis
1145 361 1202 410 (1)
1224 370 1260 399 et
1282 362 1386 399 etiam
1409 361 1529 399 multae
1552 359 1634 399 odae
1663 360 1867 398 Horatianae

230 435 313 462 sunt
340 424 543 461 dramaticae
573 424 643 474 (2).

276 482 337 523 De
360 485 609 524 enthusiastica
646 494 694 525 et
706 485 926 537 exsultante,
958 500 1037 538 quae
1065 486 1210 539 hymnis
1234 487 1415 544 Bacchicis
1447 487 1608 537 inprimis
1642 485 1865 524 tribuebatur

228 546 378 597 indole,
406 561 482 585 non
508 558 561 585 est
596 544 697 598 quod
726 546 930 591 dubitemus
947 576 959 599 ⁷
998 562 1044 587 an
1073 550 1183 600 magis
1220 549 1334 587 severi
1358 558 1395 586 et
1424 548 1635 587 moratiores
1666 548 1749 585 facti
1776 547 1865 585 fue-

227 610 300 647 rint
328 609 398 660 (3).

278 672 604 721 Dithyramborum
622 682 745 710 tamen
756 674 871 724 poesis
888 686 978 711 non<
995 675 1110 711 statim
1125 680 1270 720 μιμητιιωὶ
1299 674 1403 712 fuisse
1426 672 1599 723 videtur,
1626 684 1753 711 verum
1778 683 1866 721 gra-

228 732 339 771 datim
367 734 445 771 talis
468 735 641 785 evasisse3
670 735 769 785 cujus
785 764 797 786 ‚
824 738 875 774 rei
898 750 1055 774 caussam
1083 737 1306 775 Aristoteles
1331 738 1370 774 in
1394 735 1613 774 harmonicis
1644 734 1862 785 problema-

227 796 320 833 tibus
344 795 575 847 quaerendam
605 806 748 848 censet⁷
786 799 836 834 uti
864 797 1033 850 deinceps
1060 798 1273 839 videbimus.
1288 819 1345 829 -—-
1362 798 1485 849 Quam
1513 806 1609 835 arcte
1639 797 1746 835 etiam
1766 794 1866 848 apud

229 867 367 896 veteres
380 872 462 896 cum
478 859 580 910 poesi
599 858 720 910 juncta
746 859 852 898 fuerit
870 861 1026 912 musica,
1043 861 1350 900 demonstraturus
1368 889 1379 911 ,
1394 861 1482 899 fines
1505 849 1712 912 quaestionis
1729 855 1865 895 excede

228 933 268 958 re
289 921 379 958 mihi
398 921 548 971 videor,
572 936 681 972 quare
706 923 848 963 missam
877 922 973 960 illam
995 922 1270 974 disquistionem
1301 923 1393 960 facio
1417 924 1486 972 (4).

278 983 364 1020 Haec
390 990 509 1021 au'tem
532 983 748 1021 sufficienter
770 983 817 1022 de
843 984 1030 1035 speciebus
1056 985 1191 1023 monita
1211 983 1382 1024 videntur
1396 1011 1408 1034 ‚
1430 996 1543 1034 quare
1566 982 1612 1020 ad
1630 983 1867 1021 imitationem

228 1045 452 1087 revertimus.

275 1120 290 1137 t(
311 1107 474 1149 Διιφίρονσι
496 1107 528 1138 δι’
553 1107 682 1149 iaz-inm
704 1107 799 1149 τρία-ιι·
821 1107 841 1143 ιῖ
863 1108 918 1150 ’νὴ
945 1111 993 1149 ‘175'
1009 1109 1080 1145 γένη
1101 1109 1198 1150 ι’τίμοις
1223 1111 1402 1149 μιμεῖσθαι,
1424 1109 1442 1144 ἕ
1468 1112 1514 1150 vqs
1527 1108 1628 1151 ἶτιρᾳ,
1650 1109 1670 1144 q*
1690 1112 1737 1150 *tf*
1751 1108 1841 1150 ἰτίμσς
1854 1134 1862 1148 ,

229 1175 244 1191 »
270 1162 319 1193 xa)
336 1161 378 1201 pen)
398 1161 441 1193 τὸ
460 1160 540 1195 εἶτα,
562 1161 666 1202 τρέποι.
687 1174 702 1190 »

280 1216 369 1254 Tres
394 1216 501 1267 igitur
526 1215 730 1253 imitationis
751 1224 869 1268 partes
894 1214 1077 1270 distinguit
1103 1216 1346 1266 Aristoteles,
1372 1231 1523 1267 quarum
1551 1218 1667 1268 prima
1701 1218 1864 1268 amplec-

231 1280 316 1316 titur
332 1279 569 1315 instrumenta
592 1277 797 1315 imitationis
810 1305 822 1327 .,
844 1276 1073 1319 harmoniam
1094 1277 1229 1315 scilicet
1252 1287 1288 1314 et
1311 1278 1522 1328 rhythmum
1540 1294 1551 1329 3
1568 1279 1675 1316 altera
1696 1293 1751 1317 res
1771 1281 1865 1316 circa

234 1353 320 1392 quas
341 1349 504 1378 versatur
522 1339 694 1389 imitatio,
707 1340 782 1376 sive
804 1337 1011 1389 objectum⁷
1035 1339 1094 1376 vel
1114 1338 1296 1389 objectum
1317 1353 1450 1391 nempe
1474 1342 1531 1379 vel
1551 1355 1740 1393 personas3
1761 1343 1866 1379 tertia

234 1401 391 1457 denique
411 1400 660 1453 complectitur
684 1399 835 1439 modum
849 1428 861 1451 ‚
883 1399 1031 1451 quando
1058 1410 1166 1451 poeta
1184 1411 1245 1437 aut
1270 1402 1345 1453 ipse
1372 1403 1441 1452 agit
1454 1430 1465 1452 7
1488 1412 1547 1440 aut
1571 1404 1656 1441 alios
1677 1405 1867 1454 loquentes

232 1474 421 1515 agentesve
445 1462 607 1513 inducit,
632 1463 691 1500 vel
719 1471 913 1513 utrumque
940 1462 1136 1513 conjungit.

281 1527 351 1564 Has
372 1526 578 1564 imitationis
596 1534 713 1577 partes
734 1525 837 1575 capit.
862 1525 898 1561 11
920 1533 956 1561 et
971 1525 1023 1561 III
1043 1524 1254 1575 explicavit,
1274 1539 1294 1562 e
1315 1527 1443 1576 quibus
1464 1528 1669 1579 sequentia,
1692 1539 1866 1579 quantum

235 1588 448 1628 Aristotelis
472 1588 621 1639 abrupta
647 1585 820 1639 loquendi
845 1595 882 1624 et
903 1585 1083 1624 scribendi
1104 1587 1195 1624 ratio
1223 1588 1404 1639 permisit⁷
1431 1590 1605 1642 excerpsi.

275 1720 329 1761 (ι)
359 1719 471 1762 Oh¹mp
492 1717 516 1747 1.
538 1716 655 1748 antistr.
679 1729 716 1756 γ,
736 1715 790 1747 ubi
805 1716 943 1758 loquitur
964 1713 1078 1758 Pelops.
1101 1715 1143 1746 Cf.
1166 1716 1287 1761 Olymp.
1310 1719 1361 1749 VI.
1388 1718 1486 1762 Epod.
1506 1726 1536 1752 et
1555 1734 1584 1759 oy.
1611 1720 1692 1752 VIII.
1712 1721 1766 1765 Ep.
1789 1728 1818 1758 β.
1839 1729 1870 1754 et

232 1771 425 1815 prophetiam
436 1770 604 1814 amphiarai
626 1772 661 1801 in
680 1770 772 1812 Pyth.
792 1770 873 1801 VIII.
899 1769 1041 1812 Sthroph.
1065 1784 1095 1806 γ.

275 1826 323 1869 (2)
344 1826 414 1857 via.
436 1826 472 1856 in
492 1825 598 1867 primis
618 1823 715 1867 Epod.
734 1825 773 1855 v.

275 1882 328 1924 (3)
349 1880 513 1912 Exsultans
527 1879 586 1910 fuit
607 1884 639 1910 et
660 1879 838 1910 inconstans
857 1883 889 1909 et
909 1878 1082 1916 tumidum,
1100 1882 1191 1920 atque
1212 1883 1293 1910 totus
1317 1878 1448 1911 Bacchus
1475 1893 1490 1909 «
1512 1886 1548 1911 ut
1569 1881 1705 1924 loquitur
1725 1882 1865 1924 Scaliger.

233 1936 356 1969 Poetl
378 1937 400 1967 I
424 1948 448 1968 c
470 1934 520 1976 46.
543 1932 964 1965 Horatiusod.1.1V.Od.
986 1934 1075 1965 IIvs.
1104 1944 1147 1964 ιο
1175 1957 1180 1960 .

732 2013 748 2030 ι(
770 2000 918 2031 Pindarus
924 2024 1016 2032 .....
1031 2004 1350 2032 .’.·.’..“.

734 2067 751 2083 2»
776 2054 834 2085 Seu
848 2065 903 2096 per
918 2056 1042 2086 audaces
1061 2065 1139 2085 nove
1159 2054 1370 2096 dithyrambos

731 2107 747 2138 i)
772 2108 872 2141 Verba
892 2108 1037 2148 devolvit,
1055 2109 1249 2151 numerisque
1268 2108 1365 2140 fertur

1081 2176 1096 2191 n
1122 2164 1199 2204 Lege
1218 2163 1323 2194 solutis
1346 2176 1374 2193 n.

278 2239 331 2282 (4)
353 2240 397 2272 De
411 2242 526 2273 musica
542 2242 602 2274 vid.
628 2244 776 2285 Doining.
800 2225 854 2285 qui
874 2242 1038 2275 laudabilia
1053 2242 1149 2274 multa
1163 2243 1284 2274 monuit
1300 2243 1335 2274 in
1354 2242 1478 2274 dissert:
1501 2253 1540 2273 on
1556 2243 1606 2273 the
1623 2244 1709 2275 word
1721 2246 1872 2278 imitau‘ve

235 2306 270 2325 as
289 2295 416 2336 applied
434 2302 462 2326 ω
484 2299 591 2328 music.
1394 2307 1411 2317 ‘

441 2349 489 2386 V.
1635 2364 1678 2389 10
