2078 2790
237 297 291 348 24
709 307 754 353 4Ῑ.
792 303 930 337 BUSCH
958 302 1115 336 REISER
1147 301 1384 337 REspoNslo

235 374 402 425 injustitia
424 386 570 412 vacuus.
596 374 675 412 Hoc
697 375 871 426 imprimis
885 375 1008 425 ‘elucet
1029 374 1287 428 exzacerbitate
1301 404 1314 426 ,
1330 388 1399 427 qua
1421 375 1602 413 Periclem
1625 372 1870 424 condemnat,

233 449 343 486 quem
359 446 464 475 antea
477 438 516 475 in
533 437 700 475 Phaedro
714 437 1006 488 perfectissimum
1021 447 1199 489 oratorem
1214 438 1392 489 professus
1408 437 1600 486 fuer-ato).
1615 436 1702 486 (515
1716 434 1758 473 C.
1768 435 1818 472 D.
1826 435 1870 471 E.

234 497 310 536 516
331 498 420 551 D7).
1191 551 1193 553 v

285 560 413 610 Quum
438 563 641 613 praecipuis-
659 563 741 601 viris
764 575 843 602 non
865 562 1068 613 pepercerit
1087 562 1205 600 Plato
1234 572 1270 600 et
1298 562 1378 614 plus
1408 561 1563 611 dixerit,
1586 574 1694 612 quam
1717 560 1871 611 probare

235 623 385 661 forsitan
408 634 555 675 posset,
582 625 628 661 ita
657 625 764 663 etiam
785 624 885 662 locus
912 633 1034 661 noster
1060 622 1311 676 dijudicandus
1338 633 1390 663 est
1406 652 1418 675 ,
1444 633 1485 661 ut
1507 637 1548 661 ea
1565 650 1577 673 ,
1606 635 1686 674 quae
1708 620 1755 660 de
1772 620 1873 672 poesi

235 687 414 737 scripserit
426 715 437 736 ,
453 699 530 724 non
548 685 594 723 ad
614 687 766 725 verbum
780 688 1014 738 accipiamus,
1033 686 1098 725 sed
1117 685 1204 724 dum
1217 686 1264 725 de
1284 687 1397 725 abusu
1413 686 1602 724 rhetoricae
1618 695 1655 723 et
1670 683 1873 735 sophisticae

236 749 400 785 oratoriae
418 749 514 799 agit,
539 749 648 786 etiam
675 762 753 787 non
778 750 906 801 poesin
931 751 967 786 in
988 750 1223 799 universum,
1247 748 1313 787 sed
1330 749 1479 787 abusum
1499 747 1760 785 nonnullorum
1784 758 1873 797 poe-

233 821 351 847 tarum
376 821 563 861 spectasse.
597 813 718 848 Fuisse
745 813 864 861 enim,
886 811 1068 862 hodieque
1098 825 1172 849 esse
1206 813 1372 849 homines
1391 839 1402 861 ,
1435 812 1498 861 qui
1533 811 1674 860 poetica
1710 808 1874 845 facultate

237 872 450 922 abutentes,
473 873 555 910 vilia
577 882 613 910 et
639 871 942 924 sordida.publici
958 873 1044 924 juris
1061 874 1193 912 faciant
1206 901 1217 922 ‚
1235 886 1312 911 non
1335 882 1406 924 est,
1430 873 1492 924 qui
1511 871 1649 910 dubitet
1666 885 1678 922 3
1693 870 1873 922 eleganter

234 934 305 969 hac
342 933 389 970 de
424 946 463 969 re
491 934 656 970 Massieu
684 935 740 981 (l.
775 935 798 970 l.
836 947 914 984 pag.
952 935 1074 984 181):
1105 947 1125 969 ι
1159 935 1336 972 Plusieurs
1362 943 1428 971 ont
1461 934 1559 972 avilis
1588 942 1624 971 et
1652 931 1873 969 deshonores

236 1011 256 1032 »
287 995 320 1033 la
344 995 490 1045 poesie,
513 1009 560 1033 en
586 995 819 1046 l'employant
837 997 856 1033 a
875 1006 955 1033 tout
978 1010 1020 1034 ce
1045 997 1129 1047 qu'il
1153 1011 1179 1047 y
1202 1011 1222 1033 a
1242 995 1289 1034 de
1315 996 1393 1047 plus
1422 996 1636 1047 meprisable
1657 1004 1695 1036 et
1718 993 1766 1032 de
1791 993 1872 1044 plus

237 1073 256 1093 »
287 1056 431 1094 infame.
458 1057 507 1093 Ils
531 1070 578 1094 en
605 1067 670 1094 ont
688 1058 749 1095 fait
775 1072 825 1095 un
851 1059 950 1095 trafic
976 1058 1133 1109 indigne.
1162 1058 1323 1104 Ils2l'ont
1351 1056 1496 1095 vendue
1524 1057 1544 1093 a
1571 1056 1606 1092 la
1630 1056 1792 1096 flatterie.
1828 1055 1875 1092 Ils

234 1133 253 1154 2>
284 1118 360 1155 s'en
379 1127 461 1154 sont
478 1119 588 1156 servis
608 1120 913 1158 non—seulement
933 1133 1028 1170 pour
1049 1120 1208 1169 entrenir
1220 1120 1317 1166 leurs
1335 1119 1513 1167 faiblesses
1526 1126 1562 1156 et
1578 1117 1675 1161 leurs
1685 1115 1875 1155 desordres

234 1196 253 1216 »
282 1179 371 1216 dans
395 1180 474 1216 leur
496 1193 631 1230 propre
652 1193 775 1217 coeur:
798 1182 884 1216 mais
916 1193 1049 1217 encore
1074 1193 1170 1230 pour
1193 1182 1250 1232 les>
1266 1189 1493 1218 transmettre
1522 1189 1666 1228 autaut,
1690 1180 1775 1228 qu²il
1796 1179 1874 1215 leur

234 1259 255 1280 ν
285 1256 303 1279 a
323 1241 379 1279 ete
400 1242 556 1293 possible
569 1270 581 1292 ,
601 1252 637 1280 et
659 1254 753 1293 pour
777 1242 827 1280 les
851 1242 1045 1294 perpetuer
1064 1241 1154 1280 dans
1179 1252 1259 1280 tous
1292 1241 1343 1280 les
1371 1254 1488 1279 coeurs
1518 1239 1655 1291 jusqu'a
1676 1240 1709 1277 la
1736 1240 1788 1278 fin
1810 1238 1873 1278 des

235 1321 254 1342 >⁷
295 1304 431 1343 siecles.
456 1304 520 1341 On
539 1317 587 1341 ne
614 1305 744 1342 saurait
769 1313 852 1354 trop
876 1303 1034 1342 detester
1061 1318 1120 1342 ces
1142 1313 1371 1354 corrupteurs
1389 1303 1549 1353 publics‘,
1577 1302 1640 1352 qui
1664 1312 1729 1339 ont
1748 1303 1809 1340 fait
1825 1317 1875 1340 un

235 1383 256 1404 »
288 1377 340 1403 art
361 1366 518 1404 infernal
545 1365 632 1403 d'un
658 1375 713 1403 art
736 1365 848 1404 divin.
882 1382 901 1404 s>
1109 1413 1111 1415 q
1650 1397 1651 1400 ,

287 1428 463 1466 Platonis
501 1429 612 1466 verba
644 1430 691 1465 ita
729 1429 904 1479 explicata
940 1429 1052 1466 multa
1090 1442 1174 1466 vera
1211 1437 1249 1466 et
1277 1427 1467 1473 laudabilia
1501 1428 1700 1466 continent.
1728 1429 1877 1467 -Verum

236 1491 425 1531 enimvero
451 1491 516 1530 alio
543 1504 649 1529 sensu
672 1505 693 1529 a
714 1491 893 1543 plerisque
916 1491 1261 1530 commentatoribus
1292 1501 1439 1544 accepta
1467 1502 1571 1531 sunt:
1595 1494 1727 1544 poesin
1750 1505 1877 1544 nempe

238 1558 279 1592 in
300 1556 518 1591 'universum
553 1567 749 1605 omnesque
774 1563 931 1604 poetas,
959 1563 1141 1605 tanquam
1168 1555 1316 1593 inutiles
1341 1558 1416 1597 imo
1441 1564 1614 1595 nocentes
1645 1555 1877 1596 damnavisse

237 1615 451 1654 Platonem.

289 1678 405 1728 Quis,
430 1691 574 1729 quaeso,
606 1679 710 1717 fuerit
733 1680 878 1728 Plato,
906 1681 980 1717 hoc
1006 1681 1036 1715 si
1060 1680 1244 1717 voluerit?
1268 1692 1394 1725 nonne
1422 1679 1505 1728 ille,
1540 1681 1602 1729 qui
1630 1672 1805 1719 nonnulla
1839 1683 1877 1719 in

236 1742 405 1780 Homero
418 1737 724 1791 reprehendenda
741 1739 887 1790 quidem
901 1739 1054 1789 babuit,
1069 1739 1172 1790 plura
1190 1751 1279 1777 vero
1298 1738 1457 1777 laudavit
1477 1739 1524 1776 ab
1548 1753 1665 1791 eoque
1683 1739 1874 1793 desumit,

237 1816 363 1841 nonne
387 1802 470 1851 ille,
488 1814 600 1839 omne
622 1801 730 1851 utile,
755 1811 791 1839 et
811 1801 1004 1853 pulchrum
1028 1801 1212 1850 sensisset,
1238 1799 1340 1851 quod
1363 1800 1459 1839 Ilias
1485 1801 1873 1855 Odysseaeomplec-

240 1864 383 1905 tuntur?
402 1877 495 1904 anne
516 1863 664 1901 forsitan
681 1863 861 1901 nesciebat
874 1863 1049 1914 originem
1063 1862 1215 1913 poeticae
1233 1862 1342 1900 artis?
1360 1863 1451 1903 Eam
1470 1877 1603 1915 nempe
1623 1863 1670 1902 ad
1684 1859 1876 1905 hominum

240 1927 501 1968 institutionem
532 1940 608 1964 esse
639 1926 846 1973 inventam,
886 1934 925 1962 ut
949 1924 1036 1963 inde
1062 1924 1236 1976 principia
1264 1925 1455 1976 religionis
1481 1926 1650 1976 politicae
1675 1937 1711 1965 et
1734 1941 1877 1966 morum

240 1990 429 2027 doctrina·
458 1987 689 2026 ediscerent?
713 1988 861 2038 Optima
881 1988 976 2026 enim
996 1996 1032 2025 et
1058 1987 1296 2037 antiquissima
1319 1997 1485 2038 poemata
1503 1989 1577 2033 Dei
1594 1989 1718 2040 gloriae
1741 2000 1877 2030 sacrata

274 2133 322 2175 (1)
343 2135 493 2165 Isocrates
504 2133 596 2175 plane
606 2135 757 2165 contraria
768 2137 901 2166 Platoni
907 2136 943 2166 de
953 2137 1012 2167 suis
1024 2134 1189 2177 aequalibus
1199 2141 1304 2167 monet
1314 2136 1375 2178 rapi
1387 2136 1514 2177 τεΓζιᾶγ.
1526 2148 1556 2179 p.
1569 2137 1629 2169 352
1635 2160 1645 2177 ‚
1655 2140 1707 2169 ὅτι
1717 2139 1877 2180 Περικλέης

236 2187 374 2230 (inquit)
401 2190 427 2219 ὄν
448 2201 552 2222 araturae
571 2187 602 2220 ἔν
622 2189 837 2230 ὅμολογιίναμιν
856 2192 892 2224 εἷς
918 2190 1135 2232 capparim-uror
1158 2190 1206 2222 zai
1230 2191 1407 2224 &manif-aren
1428 2187 1476 2223 aia}
1503 2191 1679 2235 σρφμῖτιιτη
1701 2197 1877 2231 verosa-Sat

238 2245 288 2272 nii·
307 2246 437 2274 πολιτίι.
459 2243 502 2273 Cf.
524 2242 586 2285 rupi
600 2246 650 2279 ruf}
665 2244 789 2276 οἱιτιδω.
812 2256 843 2287 Ρ.
861 2244 918 2288 69,
943 2247 1037 2285 13,et
1062 2244 1121 2276 108
1128 2269 1137 2284 ,
1161 2245 1206 2276 18.
1227 2247 1330 2278 Orelli.
1350 2246 1493 2289 Xenoph.
1512 2258 1643 2289 sympos.
1662 2248 1753 2288 vm,
1773 2251 1815 2291 39
1832 2261 1877 2291 sq.

237 2296 307 2326 Vid.
333 2302 493 2338 praeterea,
514 2298 568 2341 qui
592 2298 680 2341 plura
706 2298 762 2330 hac
783 2299 821 2330 de
848 2310 880 2330 re
904 2305 1024 2340 monet,
1046 2299 1165 2331 doctiss.
1197 2302 1298 2334 Groen
1323 2313 1390 2341 van
1411 2303 1586 2334 Pn'nsterer
1605 2302 1639 2334 in
1661 2302 1808 2345 dissertat.
1827 2304 1876 2341 cui

238 2351 344 2382 titulus
355 2358 397 2382 est
409 2355 677 2395 Pmsopographia
689 2356 858 2389 Platonica
878 2366 945 2397 pag.
969 2367 979 2386 1
987 2367 1025 2387 22
1038 2367 1122 2397 seqq.
