2078 2783
420 132 479 162 AD
513 128 681 169 QUAEST.
716 127 884 159 PHILOS.
918 126 1082 158 THEOR·
1117 124 1175 156 ET
1208 124 1351 156 LITER.
1385 123 1555 156 HUMAN.
1759 128 1804 168 Γ]

591 240 682 282 Bupu'n
703 242 865 284 Λριςοτίληε
885 240 1041 283 ‘'nomio-uro
1064 240 1107 272 τίν
1130 240 1162 271 ὃ·
1183 238 1329 273 nmium

587 296 715 337 Ἀνδρος,
734 295 760 327 ἕν
781 297 827 328 oia‘z
842 296 923 327 iani·
945 297 1015 327 τοῖσι
1035 297 1146 325 naezo‘urt
1166 293 1261 332 sistus.

209 404 374 442 caeterae
398 403 639 441 accusationes
661 404 745 455 ςιίνθΙ
757 404 864 441 nimis
890 401 1074 451 absurdae,
1096 401 1169 439 sive
1190 413 1268 438 non
1299 399 1387 437 tanti
1405 407 1488 436 sunt
1510 397 1707 446 momenti,
1728 409 1809 447 quae

176 463 307 503 diutius
324 477 391 504 nos
410 474 606 503 morentur.

948 581 1034 632 §7-

713 724 908 763 Conclusio
933 737 984 762 εκ
1008 737 1124 775 supra
1149 723 1269 763 dictis.

226 878 284 916 Ex
319 877 422 917 dictis
459 879 540 917 satis
568 878 657 917 mihi
696 889 820 931 patere
858 878 1000 917 videtur
1019 908 1031 930 ,
1064 893 1188 917 meum
1221 878 1407 917 consilium
1445 878 1646 916 Platonem
1686 877 1731 915 ab
1770 878 1809 914 iis

177 938 386 979 vindicandi
409 941 717 993 accusationibus,
745 954 824 993 quae
851 942 890 980 in
919 942 1037 993 ipsum
1066 942 1239 992 conjectae
1262 941 1405 979 fuerunt
1442 940 1488 977 ab
1516 940 1582 977 illis
1596 969 1607 989 ,
1640 941 1702 990 qui
1727 953 1808 977 eum

177 1013 238 1040 aut
271 1016 349 1040 non
387 1004 558 1054 legerint,
590 1013 651 1041 aut
674 1004 797 1040 saltem
822 1017 901 1040 non
931 1004 1181 1040 intellexerint.
1213 1002 1363 1040 Deinde
1399 1003 1474 1052 ejus
1508 1003 1612 1040 effata
1647 1001 1809 1050 meliori,

178 1077 286 1114 quam
311 1064 385 1101 huc
406 1078 541 1115 usque,
561 1064 641 1102 luce
671 1063 845 1102 collocata
874 1074 1047 1115 quantum
1076 1064 1153 1101 fieri
1174 1073 1316 1115 potest,
1343 1077 1426 1101 cum
1444 1063 1697 1102 Aristotelicas
1720 1075 1811 1115 prae-

179 1126 291 1176 ceptis
313 1127 555 1176 comparabo,
591 1139 693 1176 quae,
730 1139 837 1176 quam
871 1126 1021 1164 difficilis
1047 1128 1112 1176 sit,
1140 1127 1382 1176 comparatio,
1412 1139 1457 1163 ex
1493 1139 1538 1163 eo
1568 1135 1687 1177 patet,
1712 1124 1812 1174 quod

181 1187 299 1225 Plato
327 1187 519 1225 hominum
559 1201 735 1225 summam
767 1187 1041 1226 destinationem
1072 1188 1287 1238 definiebat,
1325 1188 1583 1239 perfectionem
1609 1201 1684 1226 esse
1720 1200 1810 1225 mo—

178 1250 300 1287 ralem.
321 1249 446 1299 Quum
465 1262 556 1289 vero
581 1249 700 1288 ideam
732 1251 878 1289 civitatis
902 1251 1069 1290 humanae
1087 1250 1357 1300 delineavisset,
1378 1251 1464 1288 huic
1489 1250 1688 1289 definitioni
1711 1262 1810 1288 con-

178 1312 407 1362 venientem,
436 1311 484 1349 ad
509 1313 583 1351 vim
605 1312 783 1349 bonarum
816 1313 966 1362 artium,
992 1325 1145 1362 poeseos
1170 1325 1328 1362 nempe,
1354 1313 1392 1349 iu
1424 1325 1544 1350 mores
1568 1321 1605 1349 et
1632 1311 1811 1362 cogitandi

180 1374 357 1411 rationem
393 1373 519 1424 populi
544 1373 774 1410 Atheniensis
801 1375 979 1424 respicere
1005 1373 1150 1423 debuit,
1189 1387 1259 1410 nec
1291 1375 1410 1425 potuit
1437 1375 1570 1411 evitare
1599 1373 1787 1423 problema
1802 1401 1813 1422 ,

180 1444 353 1485 quatenus
374 1436 488 1486 poesis
508 1445 545 1474 et
569 1445 660 1473 artes
677 1436 745 1472 illae
773 1436 916 1486 affmes,
937 1436 975 1472 in
1002 1449 1102 1472 suam
1126 1436 1306 1473 civitatem
1330 1434 1520 1473 admittere
1546 1434 1690 1485 liceret,
1713 1434 1813 1486 quod

180 1496 367 1547 problema
406 1506 447 1533 ut
487 1496 687 1547 probaret,
725 1497 843 1547 primo
887 1496 1110 1547 respondere
1155 1495 1279 1533 debuit
1317 1497 1541 1546 quaestioni,
1587 1510 1656 1546 qua
1699 1498 1737 1533 in
1773 1511 1811 1533 rc

181 1569 307 1597 natura
334 1558 566 1611 pulchrarum
600 1560 729 1597 artium
761 1559 990 1608 consisteret,
1030 1558 1117 1611 quid
1154 1560 1220 1596 sibi
1253 1558 1388 1597 vellent
1417 1569 1453 1596 et
1487 1568 1659 1609 quatenus
1689 1573 1812 1596 earum

180 1621 406 1672 propositum
432 1634 514 1657 cum
552 1621 751 1658 moralitate
783 1629 903 1671 posset
940 1620 1139 1671 conjungi?
1178 1620 1363 1658 Nonnulla
1396 1619 1510 1657 modo
1544 1621 1741 1670 specimina
1767 1621 1813 1658 de

182 1683 323 1734 pulchri
348 1683 485 1719 ratione
513 1681 614 1719 dedit
634 1682 775 1733 Plato,
795 1681 1040 1720 memorabilia
1066 1691 1211 1732 tamen,
1245 1696 1325 1733 quae
1351 1681 1622 1719 subserviebant
1647 1682 1813 1720 omnibus

183 1745 450 1795 insequentibus
478 1745 694 1782 Graecorum
722 1745 881 1783 theoriis.
908 1745 990 1781 Haec
1016 1744 1166 1781 theoriae
1194 1745 1324 1782 criticae
1348 1746 1482 1782 semina
1511 1743 1558 1781 de
1584 1746 1710 1795 poesi,
1734 1758 1813 1797 quae

182 1806 242 1844 hic
268 1807 339 1843 illic
363 1807 401 1843 in
431 1806 570 1857 scriptis
603 1805 816 1858 disperserat
844 1808 982 1856 Plato,
1018 1819 1103 1843 cura
1134 1807 1370 1856 Aristotelis,
1406 1805 1614 1843 crescebant
1655 1806 1702 1843 ad
1737 1820 1815 1844 ma-

183 1870 354 1907 turiorem
390 1868 556 1905 fructum.
595 1869 708 1917 Hujus
746 1870 814 1906 viri
844 1869 1050 1919 ingenium,
1078 1868 1178 1918 quod
1214 1882 1290 1905 non
1324 1869 1442 1904 solum
1472 1869 1592 1905 omnia
1619 1869 1693 1905 fere
1730 1878 1816 1905 tunc

184 1930 324 1980 cognita
343 1929 637 1980 amplectebatur,
654 1944 781 1968 verum
795 1931 900 1969 etiam
915 1943 1039 1968 eorum
1063 1931 1150 1968 fines
1170 1943 1457 1980 quaquaversum
1481 1929 1675 1968 extendere
1698 1941 1818 1967 cona·-

182 1992 307 2042 batur,
327 1993 366 2030 iu
390 1991 532 2043 pulchri
563 1991 681 2029 studio
713 1993 820 2030 etiam
849 1993 961 2030 multo
988 2004 1072 2029 cum
1103 1992 1222 2029 fructu
1245 2001 1297 2030 est
1319 2001 1510 2030 versatum.
1536 1991 1758 2032 Aristoteles
1780 2005 1817 2029 se

185 2054 356 2103 applicuit
385 2055 553 2105 operibus
583 2055 731 2105 poeticis
768 2056 950 2093 anterioris
983 2063 1019 2091 et
1057 2055 1110 2091 sui
1144 2054 1344 2104 temporis,
1379 2054 1539 2103 inprimis
1563 2053 1818 2103 speciminibus

183 2114 295 2163 epicae
318 2124 355 2152 et
379 2114 581 2154 dramaticae
605 2116 739 2166 Musae,
771 2129 821 2154 eo.
844 2126 965 2153 autem·
990 2116 1138 2152 consilio
1168 2128 1209 2151 ea
1240 2116 1345 2165 legit,
1372 2124 1410 2150 ut
1433 2114 1478 2150 ab
1505 2114 1589 2164 ipsis
1611 2115 1817 2151 auctoribus

184 2173 337 2215 disceret
371 2187 486 2216 artem
501 2205 513 2228 ,
538 2188 574 2216 et
598 2178 693 2217 hanc
717 2177 764 2216 ad
784 2179 919 2231 regulas
947 2186 981 2216 et
1007 2176 1242 2217 fundamenta
1267 2175 1469 2215 reduceret.
1492 2176 1622 2214 Melius
1649 2176 1722 2217 hoc
1745 2176 1819 2225 illi,

335 2239 382 2278 V.
1548 2239 1568 2276 3
