2078 2754
492 226 549 256 An
581 224 748 265 QuAEs‘r.
780 225 948 257 PfflLos.
984 224 1148 257 ΤΗΕΟΒ.
1184 224 1241 255 ET
1273 223 1415 255 LtTEn.
1450 224 1620 255 HUMAN.
1825 213 1872 254 81

895 396 1232 436 COMPARATIO.

289 599 469 650 Expositis
506 599 548 635 iis
573 611 653 651 quae
677 598 817 649 utrique
844 608 880 636 et
903 598 1059 637 Platoni
1093 608 1128 636 et
1152 598 1369 647 Aristoteli,
1395 598 1495 649 quod
1518 597 1565 635 ad
1589 599 1767 649 principia
1792 600 1874 634 artis

238 660 390 712 poeticae
422 659 659 711 placuerunt,
689 658 905 698 instituenda
940 659 1033 698 foret
1065 661 1286 712 comparatio
1320 660 1413 698 inter
1452 660 1636 710 utriusque
1666 659 1876 710 philosophi

238 722 393 772 placita3
422 720 497 770 sed·
512 720 619 758 valde
651 720 778 758 dubito
797 734 844 757 an
872 734 914 758 ea
940 722 1205 772 comparatione
1228 720 1434 770 indigeant,
1458 734 1570 771 quum
1596 720 1731 770 ubique
1759 719 1876 770 adjeci

235 783 277 830 ‚in
297 782 492 833 scriptione
511 795 613 833 mea,
631 782 786 820 rationes
812 781 939 833 quibus
966 782 1016 820 illi
1037 782 1116 820 haec
1141 792 1334 820 statuentes
1357 781 1457 820 ducti
1476 781 1630 831 fuet-inu,
1647 792 1683 820 et
1703 783 1876 832 quoniam

235 845 330 882 nihil
354 845 395 882 iis
422 844 568 884 videtur
595 857 812 896 commune,
840 845 908 883 nisi
935 843 1039 896 quod
1072 843 1225 883 eandem
1256 845 1488 885 tractaverint
1514 844 1702 887 materiem
1729 842 1872 897 diverso

238 918 387 958 prorsus
403 906 643 957 modo-,Quae
664 908 763 946 enim
781 907 900 950 Plato
923 905 971 945 de
989 907 1031 944 iis
1053 907 1176 945 effatus
1197 916 1273 957 est,
1295 906 1443 957 legimus
1465 907 1505 944 in
1524 906 1732 958 republica,
1754 919 1874 957 neque

236 968 297 1004 illa
321 968 473 1019 protulit
497 970 597 1019 quasi
622 968 672 1007 de
699 964 872 1007 industria
897 967 945 1007 de
969 978 1044 1006 arte
1063 970 1203 1019 poetica
1221 968 1369 1019 ejusque
1390 968 1574 1018 principiis
1596 981 1726 1019 agens,
1744 968 1811 1006 sed
1832 978 1873 1006 ut

178 1027 181 1029 ’
237 1027 476 1081 philosophus
499 1043 576 1076 vsuae
600 1030 767 1081 singulari
792 1028 924 1072 civitati
954 1030 1049 1080 leges
1076 1030 1194 1069 seretis
1211 1058 1223 1081 ‚
1265 1031 1394 1080 quibus
1420 1030 1513 1067 cives
1533 1031 1588 1067 sui
1618 1031 1664 1068 ab
1691 1044 1869 1068 summum

235 1092 465 1141 perfectionis
492 1084 667 1140 fastigium
697 1090 852 1133 evehere
879 1091 1088 1129 conahatur.
1116 1091 1263 1128 Summa
1293 1099 1412 1128 autem
1440 1091 1613 1140 perfectio
1637 1090 1760 1142 adesse
1791 1106 1868 1130 ne—

236 1153 336 1203 quit,
359 1150 536 1202 quamdiu
561 1152 728 1191 homines
753 1152 999 1192 affectionibus
1024 1152 1328 1201 perniciosissimis
1341 1180 1353 1201 ‚
1375 1153 1536 1202 corporis
1560 1152 1766 1190 satellitibus
1799 1156 1865 1201 (uti

233 1226 292 1257 eas
327 1223 434 1252 vocat
467 1213 631 1262 mlius)
646 1240 658 1263 ‚
686 1214 887 1263 agitantur;
920 1222 1046 1263 utpote
1075 1226 1156 1263 quae
1194 1226 1336 1263 semper
1369 1214 1409 1250 in
1437 1213 1649 1251 rationalem
1676 1214 1869 1254 hominum

234 1284 375 1326 partem
401 1275 475 1313 vim
501 1286 600 1312 suam
631 1284 668 1312 et
686 1275 877 1325 imperium
891 1283 1085 1324 exercent3
1105 1273 1206 1325 quod
1235 1275 1312 1324 ipse
1343 1284 1466 1312 noster
1488 1276 1527 1312 in
1553 1275 1742 1315 Phaedone
1761 1278 1870 1316 fusius

235 1338 410 1389 exposuit.
440 1337 564 1387 Quum
593 1336 730 1388 homo,
763 1338 822 1376 cui
854 1346 980 1375 natura
1015 1351 1099 1376 cum
1126 1337 1239 1375 brutis
1267 1346 1321 1375 est
1347 1339 1546 1376 communis
1559 1366 1571 1389 ,
1599 1339 1645 1377 ab
1666 1342 1766 1378 omni
1795 1355 1871 1379 cu-

235 1399 386 1451 piditate
411 1400 580 1437 immunis
597 1413 672 1437 esse
696 1408 873 1450 nequeat,
891 1400 1091 1437 necessario
1125 1400 1283 1450 sequitur
1305 1412 1389 1436 eum
1411 1399 1501 1437 illud
1522 1401 1752 1451 perfectionis
1776 1403 1869 1440 fasti-

234 1462 333 1513 gium
360 1462 532 1513 attingere
567 1475 645 1500 non
682 1474 797 1513 posse.
835 1461 930 1499 Cum
968 1461 1140 1499 Cicerone
1166 1461 1271 1511 igitur
1305 1460 1353 1499 de
1390 1461 1567 1501 Platonis
1593 1464 1780 1515 republica
1818 1467 1867 1503 ita

234 1523 376 1574 judico:
412 1538 432 1559 z
456 1524 628 1575 Princeps
652 1523 734 1574 ille,
767 1536 841 1574 quo
866 1535 977 1561 nemo
1000 1524 1040 1560 in
1062 1521 1256 1561 scribendo
1282 1525 1506 1573 praestantior
1529 1525 1622 1574 fuit,
1655 1539 1772 1563 aream
1797 1528 1864 1564 sibi

235 1602 255 1622 a>
283 1587 407 1623 sumsit
423 1614 435 1636 ‚
460 1587 499 1623 in
523 1600 594 1637 qua
626 1586 805 1624 civitatem
827 1594 1024 1623 exstrueret
1050 1585 1221 1622 arbitratu
1244 1597 1333 1634 suo3
1359 1574 1569 1635 praeclaram
1591 1587 1685 1623 illam
1715 1587 1863 1637 quidem

235 1664 256 1685 2>
284 1649 430 1687 fortasse
444 1675 456 1698 ‚
481 1647 547 1686 sed
568 1662 589 1685 a
607 1649 680 1686 vita
699 1648 890 1686 hominum
915 1647 1171 1685 abhorrentem
1194 1656 1230 1683 et
1249 1660 1269 1683 a
1289 1647 1460 1684 moribus.
1483 1663 1502 1683 »
1527 1648 1580 1684 Ne
1602 1656 1721 1685 tamen
1746 1650 1865 1687 virum

233 1711 283 1749 ita
315 1709 540 1759 accusanda),
574 1711 613 1748 in
639 1710 844 1749 temeritatis
876 1709 1014 1747 crimen
1036 1707 1200 1746 incidisse
1223 1707 1367 1758 videar,
1405 1722 1469 1760 age
1493 1722 1604 1759 pauca
1635 1709 1681 1746 ad
1702 1720 1862 1749 nostram

234 1770 441 1810 doctrinam
459 1770 709 1809 stabiliendam
728 1770 947 1821 adjiciamus.

284 1832 484 1873 Platonem
503 1833 634 1872 civium
646 1833 765 1871 salutis
785 1846 947 1882 amorem
966 1843 1107 1885 captum
1128 1848 1174 1872 ex
1195 1834 1335 1872 civitate
1348 1847 1410 1872 sua
1428 1834 1579 1871 arcuisse
1595 1836 1838 1874 imitationem
1849 1864 1860 1886 ‚

234 1909 340 1947 supra
370 1897 446 1946 jam
469 1895 699 1934 ostendimus.
726 1895 954 1947 opinabatur
984 1897 1076 1935 enim
1104 1896 1200 1933 hanc
1235 1897 1340 1933 nimis
1374 1909 1448 1934 esse
1483 1896 1684 1932 nocituram
1698 1924 1709 1946 7
1737 1898 1861 1948 malis,

235 1959 365 2009 quibus
384 1958 551 1997 homines
573 1958 816 2009 polluerenter
829 1987 841 2010 ‚
863 1957 1107 2011 proponendis
1128 1957 1322 2009 exemplis,
1350 1958 1544 2008 malisque,
1568 1971 1648 2008 quae
1669 1959 1862 2009 aliquando

234 2020 333 2057 bona
369 2018 493 2057 induta
521 2021 663 2070 specie,
695 2020 884 2068 hominum
918 2021 1040 2059 animis
1065 2018 1301 2068 offerrentur,
1331 2019 1457 2068 factis3
1496 2029 1614 2069 poetae
1639 2022 1734 2057 enim
1760 2022 1861 2058 Pla—

234 2086 333 2122 tonis
367 2091 468 2121 aetate
496 2082 561 2121 soli
585 2083 659 2120 fere
682 2092 805 2134 erant,
834 2083 962 2134 quihus
986 2080 1032 2120 ad
1054 2079 1261 2120 educandos
1291 2079 1583 2132 erudiendosque
1609 2082 1738 2120 liberos
1772 2097 1862 2120 ma-

231 2144 345 2193 gistris
371 2146 563 2184 utebantur
593 2154 768 2195 parentes.
791 2145 827 2182 A
864 2152 1048 2196 poetarum
1073 2145 1182 2181 latere
1212 2156 1399 2193 nunquam
1426 2141 1644 2180 recedebant
1667 2146 1796 2195 pueri,
1824 2157 1860 2183 et

233 2205 278 2243 ab
301 2206 342 2242 iis
362 2205 451 2258 quid
484 2207 623 2244 bonum
648 2205 735 2258 quid
758 2207 845 2245 utile
865 2218 973 2259 esset⁷
1004 2206 1234 2257 accipiebant.
1263 2226 1309 2234 —-
1342 2206 1392 2242 At
1416 2217 1526 2255 vem,
1555 2205 1605 2241 sic
1626 2206 1859 2246 ratiocinatur

234 2267 371 2317 Plato,
401 2268 445 2305 ab
468 2268 594 2306 iisdem
620 2270 757 2319 poetis,
789 2282 942 2320 quorum
975 2270 1020 2306 ab
1045 2281 1107 2306 ore
1139 2266 1347 2317 pendebant
1371 2268 1494 2316 pueri,
1519 2267 1611 2304 mala
1640 2270 1747 2307 etiam
1771 2285 1858 2321 pra-
