2078 2790
457 198 515 227 AD
548 195 715 235 QUAEST.
747 195 913 227 PfflLos.
949 196 1112 227 crunon.
1148 195 1206 228 ΕΤ
1237 196 1379 228 LITER.
1416 198 1586 229 HUMAN.
1792 189 1845 242 55)

212 277 468 320 provocaretur
515 268 596 317 (1),
638 267 738 318 quasi
787 265 833 304 illi
881 266 1081 306 doctrinam
1128 268 1301 306 moralem
1339 269 1409 307 suis
1453 267 1669 307 carminibus
1709 272 1846 322 optime

206 339 477 380 pertractassent
500 329 678 379 planeque
698 330 938 367 absolvissent.
970 330 1070 379 Quid
1084 331 1101 366 ἐ’
1123 330 1223 381 quod
1245 331 1534 368 Platonis‘aetaoe
1553 341 1678 368 omnes
1697 343 1843 383 prorsus

206 402 298 430 artes
323 401 360 429 et
372 390 573 443 disciplinas
594 401 711 443 poetae
731 400 873 436 ηιηφιΐι
895 393 1003 430 instar
1026 393 1175 444 callere,
1189 392 1389 432 divinarum
1408 403 1444 431 et
1462 393 1703 431 humanarum
1721 408 1843 432 rerum

204 454 370 491 omnium
402 454 586 491 scientiam
615 454 817 492 exhausisse
859 455 1123 492 aestimabantur
1136 483 1148 505 ,
1189 455 1283 492 inter
1316 466 1406 506 quos
1442 455 1550 505 longe
1599 465 1635 492 et
1677 457 1770 493 fama
1807 466 1844 494 et

202 516 410 554 auctoritate
434 515 614 554 eminebat
644 515 852 554 Homerus:
879 515 970 554 adeo
997 527 1034 555 ut
1062 518 1137 568 ejus
1159 515 1360 555 laudatores
1385 517 1565 554 Graeciam
1594 516 1778 567 dicerent,
1797 519 1843 555 ab

202 588 248 616 eo
274 576 475 628 erudita-m,
500 586 610 629 utque
630 576 708 629 ejus
738 579 893 617 carmina
917 580 1099 617 memoriae
1124 577 1288 617 mandari
1315 577 1484 629 juberent
1509 576 1557 615 ad
1582 591 1639 616 res
1665 579 1840 616 humanas

202 640 377 690 sapientes
403 638 643 677 moderandas
658 666 671 690 ‚
698 652 914 691 omnemque
944 643 1053 680 vitam
1080 655 1125 679 ex
1146 642 1223 692 ejus
1254 641 1442 691 praeceptis
1466 640 1740 692 temperandam
1770 643 1837 689 (2).

251 701 435 751 Quoniam
461 702 588 752 igitur,
612 702 673 753 qui
697 703 818 753 generi
836 703 997 742 humano
1021 714 1122 742 antea
1147 714 1218 741 tam
1237 703 1337 741 utiles
1375 702 1515 740 fuerant
1540 713 1679 753 poetae,
1704 702 1841 751 iidem,

200 777 311 815 quum
349 763 563 815 perfectiore
602 765 698 802 cultu
737 765 862 803 morali
891 775 996 815 aetas,
1030 765 1128 816 quod
1163 764 1209 803 ad
1243 774 1393 815 caetera,
1426 764 1602 802 excultior
1639 762 1840 813 indigeret,

200 824 461 875 impedimento
487 835 604 863 essent
642 836 719 863 tum
752 827 884 864 saniori
923 826 1096 864 doctrinae
1133 827 1279 875 morali,
1316 839 1336 862 a
1361 827 1518 864 Socrate
1553 825 1733 861 inchoatae
1751 853 1762 874 ,
1796 826 1840 861 ab

199 887 398 925 acutissimo
443 887 518 938 ejus
562 886 739 939 discipulo
782 887 1011 939 perficiendae
1046 898 1082 926 et
1125 886 1368 937 stabiliendae,
1408 896 1487 924 tum
1539 886 1641 924 omni
1689 887 1840 925 omnino

199 949 375 987 Platonis
416 948 464 987 de
502 950 610 987 rebus
647 949 776 988 divinis
813 960 919 1001 atque
952 950 1117 989 humanis
1161 949 1402 1002 philosophiae
1448 945 1723 998 pervulgandae:
1763 962 1841 986 non

199 1021 366 1063 poterat,
408 1012 495 1063 quin
538 1012 686 1049 nimiam
733 1024 886 1063 poeseos
936 1026 976 1051 ac
1016 1013 1330 1052 celeberrimorum
1361 1020 1552 1062 poetarum
1594 1011 1838 1049 auctoritatem

198 1074 410 1123 infringere,
448 1086 646 1123 pravasque
682 1075 790 1110 aetatis
823 1086 895 1110 suae
924 1075 1113 1124 opiniones
1152 1074 1200 1112 de
1241 1074 1313 1111 fine
1346 1081 1453 1122 atque
1483 1084 1548 1109 usu
1575 1072 1656 1109 artis
1686 1074 1836 1122 poeticae

202 1135 362 1185 frangere
383 1132 552 1172 studeret.
1027 1130 1029 1132 ’

247 1195 395 1246 Duplici
421 1206 506 1244 ergo
543 1195 680 1233 ratione
696 1223 707 1245 ,
744 1209 851 1247 quam
888 1197 963 1248 ipse
997 1198 1229 1248 significavit,
1273 1190 1533 1233 consideranda
1569 1204 1651 1232 sunt
1686 1197 1805 1233 omnia
1824 1225 1835 1245 ,

197 1258 325 1308 quibus
345 1256 462 1294 Plato
475 1257 601 1306 poesin
624 1270 665 1293 ac
682 1266 804 1308 poetas
822 1259 860 1295 in
878 1258 999 1309 politia
1014 1258 1248 1310 impugnavit,
1266 1265 1498 1307 argumenta,
1521 1270 1653 1307 nempe
1668 1267 1835 1308 respectu

198 1317 245 1355 ad
279 1319 476 1368 rationem,
511 1330 594 1355 cum
635 1319 752 1356 omnis
788 1333 883 1359 verae
913 1318 1143 1371 eruditionis,
1172 1329 1249 1357 tum
1282 1319 1436 1356 maxime
1473 1316 1645 1357 doctrinoe
1679 1318 1835 1356 moralis.

198 1380 393 1418 Ordiamur
411 1372 456 1418 ab
472 1380 536 1430 iis,
550 1393 629 1431 quae
645 1393 762 1419 mores
775 1391 957 1433 spectant,
985 1380 1280 1433 quandoquidem
1298 1379 1406 1430 inde,
1424 1389 1463 1417 ut
1479 1393 1499 1416 a
1514 1380 1619 1430 Jove,
1644 1379 1835 1418 exordium

196 1444 289 1481 fecit.

245 1506 369 1556 Itaque
405 1517 479 1556 prae
514 1503 693 1553 omnibus2
705 1501 896 1539 maximam
926 1502 964 1539 in
985 1501 1099 1552 poetis
1130 1498 1316 1538 audiendis
1342 1502 1547 1541 cautionem
1578 1503 1833 1555 commendat,

197 1567 301 1617 quod
313 1567 475 1616 plurima
487 1594 498 1616 ,
515 1579 599 1616 quoe
614 1568 888 1603 continerentur
904 1564 950 1602 de
965 1563 1128 1601 moribus
1143 1571 1350 1601 commenta
1366 1573 1403 1601 et
1419 1574 1614 1614 praecepta
1632 1575 1700 1603 aut
1716 1571 1837 1605 minus

195 1636 299 1664 recta
311 1635 379 1664 aut
393 1638 549 1677 prorsus
549 1626 690 1676 falsa,
710 1625 845 1662 morali
856 1624 1043 1662 hominum
1062 1624 1269 1662 conditioni
1278 1632 1466 1662 nocerent.
1478 1625 1598 1678 Atque
1621 1624 1659 1664 id
1676 1626 1835 1666 ostendit

194 1692 233 1727 in
265 1690 396 1740 politiae
423 1688 583 1726 secundo
615 1683 738 1737 libro,
758 1688 888 1737 partim
920 1688 958 1723 in
991 1686 1293 1724 observationibus
1324 1688 1627 1738 generalioribus,
1655 1689 1833 1738 adjunctis

196 1750 408 1802 quibusdam
444 1749 635 1800 exempliS,
670 1761 716 1785 eo
751 1748 857 1799 loco,
885 1749 948 1785 ubi
966 1747 1201 1786 Adimantem
1226 1760 1331 1786 suum
1357 1747 1406 1786 de
1430 1750 1626 1800 perversis,
1646 1763 1728 1801 quae
1754 1761 1832 1789 tum

194 1812 302 1864 vulgo
328 1812 592 1850 celebrarentur
606 1837 618 1861 ,
637 1810 845 1847 notionibus
868 1810 1058 1848 moralibus
1081 1822 1101 1845 a
1117 1809 1232 1861 poetis
1253 1811 1402 1862 sparsis,
1423 1810 1595 1862 praeclare
1617 1822 1830 1863 querentem

193 1874 331 1912 inducit
342 1901 354 1925 ,
376 1874 505 1925 partim
520 1872 558 1911 in
575 1885 696 1910 severa
714 1872 926 1923 mythorum
947 1872 993 1912 de
1011 1871 1162 1910 deorum
1183 1880 1323 1911 natura
1340 1882 1376 1911 et
1396 1872 1499 1911 cultu
1509 1873 1571 1923 qui
1584 1873 1622 1911 in
1638 1873 1806 1912 Homero
1819 1901 1830 1923 ,

235 2021 281 2065 (1)
302 2022 346 2053 Ut
364 2021 399 2053 in
415 2021 559 2052 Platonis
577 2018 709 2061 Dialogis
725 2017 763 2049 ad
782 2018 922 2050 Pindari
937 2016 1157 2056 auctoritatem,
1176 2026 1193 2047 a
1215 2015 1334 2047 Callicle
1347 2015 1383 2047 in
1398 2015 1519 2059 Gorgia.
1536 2015 1624 2050 conf.
1641 2018 1831 2060 Protagora«

195 2076 258 2119 347
275 2076 349 2109 G-E.

236 2143 282 2185 (α)
304 2145 432 2175 Ηπηενὶ
445 2143 617 2175 laudatores
633 2141 750 2181 dicere,
768 2142 907 2173 Socrates
924 2138 1079 2185 perhibet:
1101 2140 1137 2172 A:
1157 2137 1202 2173 τήν
1222 2137 1354 2170 Ἐλλάδι
1375 2138 1560 2170 πιπιίδιυιιει
1582 2137 1659 2173 οἷς-η·
1680 2141 1694 2171 ὅ
1712 2141 1829 2177 πηγὴ

195 2197 243 2229 zai
261 2196 328 2239 πρὶς
351 2198 482 2233 διοιίησίἰ
497 2198 529 2230 τὲ
548 2198 596 2230 καὶ
611 2197 740 2229 παιδεία
759 2199 811 2228 τοῦ
829 2196 986 2239 ἀνθρωπίνη
1005 2193 1176 2235 πραγμάτων
1196 2192 1272 2231 ἕξιος
1291 2192 1459 2231 iuna-„stim
1476 2193 1617 2233 μόθιηιν
1635 2208 1668 2227 τι
1689 2195 1738 2227 καὶ
1753 2197 1831 2228 ura*

193 2254 285 2284 τοιῖτον
307 2266 351 2284 τον
372 2252 486 2288 roan-01¹»
506 2252 599 2284 πάντα
622 2252 665 2284 τδι
688 2253 769 2283 iunio
792 2250 848 2288 βιὸι
867 2247 1141 2288 κατασκευασάμενον
1162 2247 1213 2290 ζῃῖν
1229 2262 1257 2279 κ.
1279 2262 1307 2280 τ.
1332 2256 1360 2279 λ.
1381 2246 1444 2278 Pol.
1460 2245 1511 2288 X,
1526 2245 1591 2280 606
1606 2247 1644 2280 D.
1661 2249 1700 2281 cf.
1717 2249 1778 2294 593
1794 2249 1830 2283 E.

1640 2304 1674 2342 8.
