2078 2790
490 180 549 213 AD
579 178 748 220 QUAEST.
780 176 947 209 PmLos.
980 174 1144 209 THEOR.
1174 175 1232 208 ET
1258 174 1401 207 LITER.
1433 175 1605 208 HUMAN.
1814 180 1867 224 29

240 248 476 290 Arna'udsius
510 251 567 300 (1)
599 260 635 288 et
667 250 985 299 Morgensternias
1020 248 1074 299 (2)
1117 248 1256 285 volunt.
1299 247 1464 298 Inprimis
1504 257 1625 284 tamen
1657 248 1746 284 mira
1781 248 1870 284 mihi

239 314 381 352 videtur
394 313 518 363 opinio
534 311 866 362 Schleijermacheri
878 339 889 362 ,
903 312 964 361 qui
985 312 1092 349 Jonis
1109 311 1283 361 originem
1301 309 1386 347 inde
1413 309 1562 347 deduxit
1580 336 1591 359 ‚
1615 310 1714 360 quod
1727 311 1869 360 Plato,

239 373 517 426 pulchritudine
542 374 816 425 comparationis
837 373 1010 423 magnetis
1050 371 1177 423 lapidis
1203 381 1344 422 motus,
1366 381 1406 409 ut
1427 385 1507 409 eam
1535 371 1630 409 bene
1654 371 1869 421 adhiberet,

240 437 357 473 hocce
383 434 625 487 composuerit
660 435 895 485 opusculum⁷
917 435 956 471 in
982 435 1125 485 reliquis
1160 444 1281 471 tamen
1312 434 1387 483 ejus
1419 433 1578 483 partibus
1610 446 1687 470 non
1716 434 1869 470 multum

241 498 365 546 operis
392 496 619 536 collocaverit
642 495 712 546 (3).

289 558 363 597 Sed
395 569 586 609 antequam
622 557 669 594 ad
698 558 829 595 horum
864 558 1027 595 locorum
1058 559 1334 609 explicationem
1373 568 1539 607 transeo,
1564 570 1642 595 non
1672 557 1870 595 omittenda

241 618 411 659 videntur
440 623 482 659 ea'
507 629 735 672 argumenta,
760 632 840 670 quae
864 618 912 657 ad
936 619 1137 670 negandam
1171 619 1393 658 authentiam
1421 619 1553 658 adduci
1579 628 1742 671 possunt.

288 682 350 719 Ab
371 682 549 733 Apologia
574 682 680 733 igitur
707 680 839 719 ordiar.

288 743 363 797 Per=
385 757 423 782 se
444 744 524 794 jam
544 755 622 781 non
649 742 849 782 verosimile
871 752 945 792 est,
970 742 1167 782 Platonem
1196 742 1443 781 defensionem
1465 744 1636 782 Socratis
1665 742 1869 794 scripsisse,

242 815 281 843 ut
298 819 319 843 a
334 804 538 844 secundum
560 807 766 856 Diogenem
791 806 917 843 Laert.
938 806 974 841 11
1001 805 1047 856 4,
1070 807 1189 857 ipsum
1222 807 1422 844 orationem
1447 805 1583 843 habere
1612 805 1766 843 voluisse
1779 831 1792 855 9
1808 803 1874 842 sed

241 868 343 905 initio
369 868 486 905 statim
505 881 525 905 a
546 866 724 918 judicibus
747 881 821 905 esse
844 867 1000 917 jussum,
1024 877 1062 905 ut
1084 882 1103 905 a
1116 867 1239 905 rostris
1259 865 1509 905 descenderet.
1531 867 1612 905 Hoc
1630 868 1727 905 enim
1750 876 1874 918 aperte

242 928 449 968 adversatur
478 931 660 980 principiis
691 944 710 966 a
736 930 900 967 Platone
922 930 961 965 in
990 929 1136 979 Gorgia
1161 928 1322 979 traditis,
1353 929 1418 965 ubi
1441 930 1534 965 inter
1562 929 1627 965 alia
1652 929 1773 966 523....
1798 937 1820 964 ἐι
1842 933 1875 964 δὲ

242 995 394 1027 nnuman}
417 995 560 1035 p'nropmn'}
580 991 671 1034 ι’νδιῖᾳ
693 991 842 1034 rszm-,ssq-
874 991 967 1030 ἵγηγί
982 1015 992 1032 ,
1018 991 1046 1024 ἷυ
1074 991 1140 1024 ἶιδὶ
1162 990 1205 1024 ἔτι
1229 990 1327 1034 ρᾳδιᾶε
1348 989 1420 1025 ’ἶδοιε
1441 991 1473 1023 ἅν
1494 1005 1531 1030 με
1555 990 1670 1032 φῖμντι
1689 991 1733 1023 τὶν
1756 992 1872 1024 θυέτω.

242 1047 416 1084 Socrates
444 1045 591 1098 quidem
623 1060 661 1084 se
699 1058 820 1083 coram
851 1045 1029 1095 judicibus
1063 1044 1226 1082 defendit
1260 1046 1316 1094 (4)
1333 1073 1345 1094 ‚
1372 1043 1547 1083 sed‘inde
1576 1057 1654 1083 non
1686 1047 1871 1096 sequitur⁷

219 1137 222 1139 >
241 1121 324 1145 eum
348 1108 512 1145 habuisse
541 1104 739 1144 orationem
768 1107 853 1144 huic
875 1107 1048 1157 apologiae
1067 1107 1218 1144 similem
1231 1135 1242 1157 ,
1259 1108 1287 1144 si
1305 1108 1402 1144 enim
1422 1113 1517 1158 hoc,
1544 1117 1622 1144 tum
1651 1117 1711 1144 aut
1730 1115 1831 1146 'antea
1852 1122 1873 1144 a

241 1182 279 1206 se
300 1178 456 1220 spretam
481 1169 673 1205 oratoriam
701 1177 814 1205 artem
838 1167 1021 1205 addiscere
1049 1167 1175 1206 debuit
1188 1196 1199 1218 ,
1227 1178 1287 1205 aut
1318 1169 1404 1205 alius
1433 1171 1634 1206 orationem
1662 1172 1875 1220 composuit.

242 1231 382 1269 Verum
419 1229 555 1280 antiqui
590 1229 781 1279 scriptores
813 1229 918 1266 nobis
950 1227 1118 1280 tradunt,
1153 1231 1346 1267 Socratem
1373 1230 1486 1281 ipsam
1523 1231 1644 1281 Lysioe
1675 1231 1875 1268 orationem

243 1290 508 1345 repudiavi-se,
541 1300 582 1328 ut
613 1291 841 1330 inhonestam
867 1302 904 1330 et
931 1305 968 1330 se
991 1290 1173 1342 indignam
1205 1292 1274 1342 (5).
1299 1293 1429 1331 Nonne
1447 1302 1617 1344 praeterea
1635 1293 1713 1330 loca
1742 1291 1817 1338 486
1833 1293 1877 1342 Β,

246 1355 318 1393 522
349 1355 400 1405 Β,
420 1352 463 1392 C.
491 1352 547 1391 Cf.
580 1353 732 1392 Phaedr.
754 1353 802 1391 63
829 1354 858 1391 B
886 1354 937 1405 69
956 1354 990 1391 E
1025 1367 1189 1405 expresse
1214 1353 1394 1405 indicant,
1424 1356 1615 1393 Socratem
1642 1367 1682 1391 se
1707 1366 1785 1391 non
1809 1367 1876 1405 po-

243 1417 350 1454 tuisse
382 1410 577 1454 defendere
609 1429 650 1453 ea
676 1416 839 1464 ratione,
875 1430 956 1467 quae
990 1417 1112 1453 usitata
1148 1426 1247 1467 erat⁷
1284 1430 1435 1467 quaeque
1468 1417 1540 1453 sola
1572 1414 1670 1466 apud
1699 1404 1877 1467 populum

243 1478 415 1517 valebat?
439 1476 511 1517 Sed
524 1505 536 1528 ‚
565 1478 704 1528 inquies
724 1477 892 1528 forsitan,
920 1479 1004 1515 licet
1026 1479 1201 1516 Socrates
1224 1479 1351 1516 usitato
1378 1491 1545 1516 sermone
1575 1491 1613 1515 se
1639 1490 1716 1515 non
1742 1476 1876 1516 defen-

244 1539 337 1577 derit
360 1539 477 1578 Plato
498 1548 620 1577 tamen
632 1538 706 1589 ejus
726 1538 820 1576 dicta
836 1540 952 1590 potuit
976 1539 1141 1589 colligere
1157 1549 1194 1577 et
1206 1540 1245 1577 in
1269 1533 1438 1577 orationis
1452 1567 1464 1589 ,
1485 1552 1556 1589 qua
1583 1552 1621 1577 se
1639 1537 1875 1588 defenderet,

244 1602 397 1639 sormam
418 1599 594 1651 redigere.

293 1664 420 1710 Potuit
460 1672 568 1702 certe.
597 1662 671 1702 Sed
705 1663 779 1701 hoc
813 1675 891 1701 non
918 1662 1056 1701 fecisset
1086 1661 1219 1710 mod07·
1257 1660 1351 1699 adeo
1381 1662 1658 1713 antiplatonico‚
1691 1675 1765 1713 quo
1795 1663 1876 1701 haec

287 1805 334 1849 (1)
354 1805 424 1839 Vid.
445 1806 577 1836 Memoir
590 1805 628 1834 de
644 1805 766 1852 linerat.
787 1809 860 1835 tom.
882 1803 1039 1836 XXXVII.
1059 1813 1089 1844 p.
1111 1812 1150 1834 20
1172 1813 1233 1844 seq.
1253 1801 1392 1835 XXXIX
1405 1814 1436 1845 p.
1458 1803 1516 1834 252
1536 1813 1581 1844 sq.

287 1872 334 1916 (α)
354 1874 407 1903 De
425 1873 514 1903 Plat.
533 1871 666 1912 Republ.
687 1882 718 1913 p.
740 1871 802 1913 296
820 1882 882 1912 seq.

286 1938 332 1981 (3)
353 1928 438 1969 Tomss
455 1939 471 1969 1
486 1936 520 1969 Β.
539 1938 578 1968 11.
596 1948 626 1980 p.
646 1937 717 1968 266.

287 2004 334 2048 (4)
354 1987 424 2038 νῑᾱζ
445 2006 537 2037 Plat.
558 2005 671 2036 Pnaed.
691 2003 733 2036 63
755 2003 779 2035 B
797 2003 840 2046 69
858 2001 884 2035 E
902 2004 945 2035 ef.
968 2003 1102 2044 Xemph.
1122 2004 1250 2044 Memor.
1270 2003 1385 2033 coarat.
1407 2002 1470 2042 lv,
1488 2002 1531 2042 8,
1558 2013 1583 2033 1.
1606 2002 1705 2033 ciem
1725 2003 1762 2032 a.
1788 2004 1873 2034 orat.

245 2060 261 2090 1
270 2075 287 2099 ,v
301 2059 350 2100 54.
373 2061 497 2091 Tuecul.
512 2059 623 2102 disput.
642 2059 666 2090 Ι.
683 2069 732 2101 29.

288 2125 335 2168 (5)
355 2127 424 2159 Vid-
454 2128 554 2169 OEcem
575 2128 614 2158 de
639 2128 723 2158 Orat.
740 2127 770 2166 1,
793 2125 842 2167 54.
869 2127 1014 2168 Quinctil.
1035 2124 1109 2155 Inst.
1137 2125 1222 2155 Orat.
1237 2123 1267 2155 Π
1277 2147 1287 2163 ,
1311 2124 1348 2155 15
1359 2148 1368 2164 ,
1389 2135 1428 2156 20
1453 2136 1469 2154 «
1485 2134 1558 2155 nam
1577 2128 1608 2154 et
1627 2122 1765 2154 Socrates
1782 2123 1877 2155 inho-

246 2185 364 2210 nestam
391 2181 448 2211 sibi
478 2181 607 2212 credidit
632 2182 816 2222 orationem,
838 2192 934 2224 quam
957 2182 985 2213 ei
1008 2180 1117 2220 Iqsias
1141 2189 1194 2211 reo
1215 2184 1432 2220 composuerat.
1455 2178 1498 2208 Cf.
1521 2179 1615 2218 Diog.
1640 2178 1745 2209 Laeti.
1768 2178 1817 2217 11,
1836 2179 1876 2217 4ο

251 2235 287 2266 V
281 2234 355 2265 aler.
374 2234 464 2266 Max.
480 2235 523 2268 VI
531 2259 542 2275 ,
561 2234 590 2275 4.
