2078 2790
214 249 269 293 50
574 249 579 253 ’
708 262 737 292 1.
770 260 906 293 ancn
935 259 1094 292 Ksslsnn
1122 260 1360 295 RESPONSIO

215 348 236 368 »
266 330 419 368 Dichter
439 334 600 370 stromen
623 331 683 370 die
704 331 1005 370 vortrefflichsten
1029 330 1232 370 Gedanken
1247 333 1327 371 und
1351 333 1631 386 Vorstellungen
1657 336 1855 385 ungesucht

215 409 233 429 »
265 406 330 442 zu⁷
352 405 388 428 u.
414 406 441 429 s.
465 406 512 432 W·
540 409 559 431 3>

263 454 380 506 Supra
403 454 477 506 jam
493 455 695 512 testimonia
719 455 940 507 optimorum
967 464 1157 506 poetarum
1172 453 1390 495 adduximus
1411 456 1458 495 ad
1473 457 1610 497 hancce
1627 457 1854 510 probandam

213 518 454 568 sententiam3
484 531 598 568 pauca
624 518 696 567 jam
727 516 883 555 addam:

553 624 568 641 α
590 612 755 653 Ingenium
775 612 825 642 cui
841 613 895 651 sit,
917 612 965 642 cui
980 622 1067 643 mens
1090 611 1242 651 divinior,
1266 618 1358 654 atque
1372 624 1404 644 os

549 677 564 694 ιι
589 665 702 706 Magna
718 670 913 704 sonatumm,
931 665 982 696 des
1003 666 1139 696 nominis
1154 665 1246 707 hujus
1265 665 1422 697 honorem.
1445 678 1460 695 n

1326 720 1441 751 Honn.

550 797 566 813 ι(
588 785 627 814 At
647 784 723 815 sacri
746 790 828 816 vates
852 790 883 816 et
897 785 1003 816 divum
1024 796 1096 816 cura
1113 795 1279 823 vocamur,

554 851 569 867 »
595 839 674 869 Sunt
690 839 798 878 etiam,
819 840 874 881 qui
894 850 949 870 nos
968 850 1087 871 numen
1105 838 1218 870 hahere
1238 844 1359 880 putent.
1382 851 1398 868 »

1186 892 1272 925 Οτι».

907 972 922 988 »
947 960 1026 991 Sunt
1046 965 1078 991 et
1100 960 1280 991 commen-cla
1299 960 1378 991 coeli.
1391 971 1408 988 ι)

554 1103 571 1120 «
592 1091 678 1121 Maar
698 1102 776 1133 geen
796 1090 947 1130 besefien,
972 1102 1049 1133 geen
1069 1091 1224 1131 behoeste,
1245 1091 1358 1122 zonder
1376 1091 1462 1130 doel,

545 1156 561 1173 >)
585 1144 672 1175 Geen
693 1150 788 1175 woest
800 1168 810 1183 ‚
832 1156 910 1185 geen
930 1145 1020 1174 blind
1040 1145 1193 1183 instinkt,
1215 1144 1298 1175 noch
1316 1144 1447 1187 Iinelijk
1467 1145 1639 1177 verrukken

542 1211 559 1228 n
584 1199 657 1230 Was
678 1199 742 1229 ooit
760 1197 939 1237 bekwamn,
959 1197 1013 1228 dat
1034 1196 1115 1240 hoog
1129 1198 1273 1240 gevoelen
1291 1197 1530 1238 uittedrukken,

545 1265 562 1282 n
586 1253 742 1285 waarvan
770 1252 809 1284 de
828 1251 948 1283 dichter
972 1263 1013 1284 en
1033 1252 1071 1283 de
1091 1252 1201 1284 scilder
1221 1263 1362 1294 zwanger
1381 1258 1451 1294 gaat
1462 1277 1472 1292 ,

545 1318 561 1335 n
586 1306 743 1337 Wanneer
761 1305 806 1348 hij
829 1306 854 1336 't
872 1305 1007 1336 blakend
1029 1316 1086 1347 oog
1106 1306 1142 1336 in
1160 1305 1185 1335 ’t
1201 1306 1282 1336 ruim
1301 1305 1339 1336 de
1356 1305 1524 1347 schepping
1544 1305 1620 1336 slaat
1630 1329 1639 1343 ‚

546 1373 562 1390 n
587 1361 646 1391 Om
670 1360 694 1390 ’t
715 1371 873 1402 voorwerp
883 1384 892 1399 ‚
908 1360 961 1390 dat
983 1360 1046 1402 zijn
1067 1359 1152 1391 horst
1170 1371 1232 1391 van
1251 1360 1316 1390 tein
1331 1359 1435 1402 gevoel
1454 1360 1525 1391 doct
1539 1359 1667 1392 zwellen
1678 1383 1687 1397 ‚

546 1427 562 1443 »
587 1414 688 1455 Gelijk
706 1414 750 1455 hij
772 1414 796 1443 ’t
816 1425 870 1454 zag
890 1425 931 1444 en
946 1413 1039 1444 dacht
1058 1424 1098 1444 en
1123 1413 1238 1452 kende,
1256 1413 1475 1444 voortestellen.
1499 1426 1515 1441 »ι

1030 1467 1160 1505 Kinker,
1178 1468 1246 1496 Het
1262 1477 1344 1497 ware
1365 1467 1421 1496 der
1436 1467 1584 1513 Sehoonh.
1598 1478 1632 1507 p.
1655 1465 1684 1495 8.

266 1537 395 1574 Cicero
420 1535 465 1571 de
499 1535 664 1572 Divinat.
700 1534 718 1569 I
755 1546 774 1567 c
806 1532 977 1582 Magnum
1017 1541 1160 1582 poetam
1203 1533 1279 1569 sine
1318 1532 1440 1570 furore
1475 1546 1550 1570 esse
1593 1545 1697 1582 posse
1746 1543 1851 1583 negat

212 1598 460 1636 Democritus.
486 1611 505 1632 a>

260 1661 465 1698 Petronius
487 1656 594 1707 dicit,
617 1666 735 1708 poetae
757 1655 942 1694 sumendae
962 1669 1069 1694 voces
1083 1684 1095 1706 ‚
1121 1670 1142 1693 a
1166 1656 1277 1707 plebe
1301 1665 1490 1694 summotae
1503 1683 1514 1705 ,
1537 1666 1577 1693 ut
1593 1656 1672 1694 fiat:

751 1750 810 1782 Odi
832 1749 998 1792 profanum
1015 1747 1123 1789 vulgus
1145 1753 1176 1779 et
1196 1758 1290 1779 arceo.

261 1839 349 1879 Haec
376 1835 583 1873 testimonia
607 1833 793 1880 sufficiant.

261 1899 371 1947 Unde
395 1911 495 1936 suam
524 1896 700 1947 originem
719 1895 826 1933 ducat
845 1895 906 1933 hic
931 1895 1189 1933 enthusiasmus
1201 1924 1212 1946 ⁷
1237 1896 1414 1947 explicatu
1434 1896 1683 1935 difficillimum
1702 1908 1753 1935 est
1767 1926 1779 1948 ,
1798 1900 1850 1936 uti

210 1971 309 2001 recte
332 1961 474 1999 monuit
498 1959 697 1998 Kinkerus.
726 1958 811 1995 Non
841 1970 927 1995 vero
960 1971 1036 1995 esse
1062 1956 1219 1996 divinam
1247 1958 1516 2010 inspirationem
1531 1988 1542 2010 ⁷
1571 1972 1700 1997 verum
1731 1960 1850 2010 potius

210 2038 354 2064 sensum
368 2052 379 2074 7
413 2022 596 2061 nonnullis
624 2030 763 2059 tantum
799 2021 1006 2059 hominibus
1039 2021 1225 2071 innatum⁷
1258 2022 1404 2059 forsitan
1443 2022 1590 2073 probari
1627 2032 1746 2072 posset
1780 2024 1847 2071 (1).

253 2156 298 2198 (ι)
319 2155 406 2186 Conf.
429 2155 536 2185 Hume
556 2154 649 2183 essais
677 2155 803 2182 mo'raux
824 2158 853 2182 et
871 2153 1046 2193 politiques.
1061 2149 1148 2181 *Essai
1176 2150 1272 2183 XVII.
1298 2164 1313 2181 «
1339 2152 1382 2183 De
1403 2157 1470 2182 tout
1489 2157 1586 2194 temps
1606 2152 1648 2183 les
1670 2152 1771 2194 poetes
1794 2158 1850 2183 ont

212 2224 227 2238 »
252 2209 403 2251 pretendu
422 2208 486 2239 &tre
505 2207 633 2248 inspires
644 2229 653 2245 ‚
673 2211 703 2236 et
718 2206 890 2248 cependant
911 2217 944 2236 ce
965 2206 1015 2236 seu
1033 2205 1176 2248 poetique
1196 2205 1247 2235 n'a
1267 2207 1334 2236 rien
1354 2206 1392 2236 de
1408 2206 1597 2236 surnaturel:
1618 2206 1641 2236 il
1662 2217 1701 2236 ne
1720 2206 1850 2237 descend

215 2277 229 2293 »
255 2275 306 2306 pas
323 2264 366 2294 du
382 2263 459 2302 ciel,
490 2262 565 2292 mais
581 2261 605 2291 il
626 2265 768 2303 parcourt
791 2260 822 2291 la
848 2265 943 2291 terre:
970 2260 993 2290 il
1013 2270 1097 2302 passe
1124 2258 1199 2289 d’un
1226 2261 1319 2302 esprit
1341 2260 1417 2290 dans
1443 2259 1569 2299 l’autre,
1590 2265 1620 2291 et
1642 2260 1664 2290 il
1688 2261 1785 2292 excite
1808 2261 1849 2291 les

214 2331 228 2346 ,ι
255 2316 390 2348 flammes
410 2317 453 2349 les
472 2316 540 2359 plus
562 2316 643 2349 vives
664 2326 704 2346 en
727 2325 805 2346 ceux
825 2315 864 2345 οἰι
886 2314 909 2345 il
931 2319 1037 2348 trouve
1056 2313 1099 2345 les
1119 2314 1288 2346 mate'riaux
1308 2314 1350 2345 les
1372 2314 1441 2354 plus
1460 2304 1599 2356 propress
1614 2327 1629 2343 »
