2078 2780
516 212 574 241 AD
604 208 770 248 QUAEsT.
801 209 914 239 P111L.
946 208 1109 239 THEOR.
1148 200 1380 238 ET‘LITER.
1415 208 1585 237 mmm.
1836 192 1887 233 35

236 278 345 328 magis
380 292 489 329 quam
528 279 574 317 de
602 284 782 326 χμηνμῃδοῒς
814 290 849 317 et
879 285 1036 325 θυμός-ιη
1056 310 1064 323 ,
1099 279 1212 317 sicubi
1245 280 1313 316 hos
1354 278 1478 315 divino
1518 278 1638 315 afflatu
1680 277 1878 314 concitatos

236 349 366 376 narrat.
386 341 516 378 Ironiae
535 344 681 394 vestigia
700 344 738 379 in
755 342 840 379 locis
859 342 1008 380 laudatis
1025 354 1200 394 agnosco3
1218 354 1358 378 sensum
1383 353 1471 378 vero
1495 341 1541 376 ita
1562 336 1877 376 determinandum

236 412 337 452 puto.
361 402 448 441 Sine
471 404 616 455 ingenio
646 397 818 444 eximium
848 416 993 457 poetam
1031 405 1169 443 nullum
1194 405 1321 454 fuisse,
1347 417 1416 441 nec
1447 404 1525 440 fieri
1548 416 1676 453 posse,
1704 411 1876 452 praeterea

236 463 332 500 nulla
361 466 518 504 carmina
538 467 707 518 praeclara
738 468 815 505 sine
840 469 1079 505 enthusiasmo
1110 466 1270 519 quodam
1296 466 1465 517 componi
1501 477 1606 516 posse
1631 462 1777 501 videbat
1803 463 1873 511 (ι).

237 525 353 577 Huic,
381 542 490 579 quam
512 531 588 581 ipse
614 530 755 581 alebat,
780 532 944 582 opinioni
976 531 1093 568 similis
1129 540 1230 580 erat,
1265 542 1345 579 quae
1381 531 1419 565 in
1452 529 1577 578 vulgus
1606 536 1750 577 recepta
1780 535 1876 573 erat3

237 589 314 626 sine
339 588 464 628 divino
491 592 611 630 furore
637 592 797 644 quodam
828 594 966 630 nullum
995 603 1137 644 poetam
1162 605 1237 630 esse
1262 604 1388 642 posse3
1416 590 1628 640 Apollinem
1651 601 1715 625 seu
1745 587 1877 623 Musas

238 660 318 690 vate
338 662 519 705 tamquam
542 656 782 694 instrumento
808 657 881 707 uti,
901 669 968 708 per
989 655 1088 707 quod
1108 667 1177 694 sua
1205 667 1315 706 opera
1339 652 1510 703 ederent,
1549 653 1606 689 cui
1630 650 1773 688 notioni
1792 661 1877 685 cum

237 715 313 751 veri
348 718 519 755 nonnihil
554 728 651 757 certe
680 719 838 757 subesset
880 721 1038 770 (nempe
1068 718 1156 756 illud
1186 719 1328 769 ipsum⁷
1368 715 1468 767 quod
1502 714 1617 753 modo
1649 714 1696 751 de
1732 711 1879 762 ingenio

240 785 345 826 atque
366 779 609 818 enthusiasmo
628 783 777 830 poetico
799 780 934 819 dictum
964 782 1063 831 est),
1089 781 1207 819 Plato
1236 793 1314 818 eam
1333 792 1505 830 usurpare
1527 790 1606 815 non
1632 774 1810 813 dubitavit
1833 773 1879 809 ad

239 848 451 894 poetarum,
479 856 548 894 pro
587 845 730 895 optimis
762 845 892 882 artium
917 853 954 881 et
978 842 1243 895 disciplinarum
1273 842 1444 893 magistris
1470 841 1701 888 habitorum,
1723 837 1876 875 nimium

241 901 420 941 honorem
453 905 703 943 minuendum.

291 965 414 1016 Atque
436 969 553 1004 omnis
572 968 650 1005 haec
670 969 762 1005 ratio
784 980 829 1006 eo
855 969 964 1019 magis
987 969 1054 1019 ipsi
1074 969 1226 1006 arrisisse
1248 967 1415 1015 videtur,
1439 964 1539 1015 quod
1559 977 1625 1015 per
1641 977 1744 1012 eam,
1767 976 1877 1013 quum

243 1039 349 1064 sensu
374 1037 465 1066 esset
481 1030 671 1081 ambiguo,
685 1042 762 1067 non
781 1040 903 1082 aperte
924 1040 1048 1081 poetas
1067 1030 1298 1067 adoriebatur
1310 1058 1321 1079 7
1340 1042 1409 1066 nec
1427 1028 1555 1064 frustra
1580 1028 1616 1063 in
1633 1039 1671 1063 se
1688 1026 1877 1062 hominum

242 1089 317 1125 fere
348 1101 653 1128 sacrosanctorum
683 1091 858 1128 invidiam
893 1093 1073 1129 excitaret.
1101 1093 1180 1128 Imo
1215 1100 1332 1141 poetae
1356 1090 1525 1127 nonnulli
1555 1087 1707 1139 perduci
1735 1099 1780 1125 eo
1807 1087 1877 1123 for-

242 1151 332 1187 sitan
352 1161 563 1201 potuerant‚
587 1162 627 1188 ut
650 1151 808 1194 blandiri
833 1153 900 1189 sibi
925 1153 1077 1190 voluisse
1107 1153 1308 1190 Platonem
1332 1152 1546 1201 crederent7
1577 1163 1663 1187 nam
1685 1149 1876 1199 gloriosum

243 1212 283 1248 iis
305 1220 445 1262 poterat
469 1212 609 1263 videri⁷
628 1211 781 1250 deorum
802 1214 1039 1251 instrumenta
1064 1214 1135 1251 dici
1151 1243 1162 1264 ⁷
1187 1215 1315 1265 quibus
1342 1214 1393 1250 illi
1410 1214 1508 1264 quasi
1529 1211 1779 1263 interpretibus
1802 1219 1879 1247 ute·

244 1283 369 1311 rentur
406 1275 474 1324 (2).
510 1274 648 1312 Callide
686 1276 790 1326 igitur
817 1276 917 1313 omni
951 1276 1020 1313 hac
1054 1278 1193 1314 ratione
1220 1290 1300 1313 usus
1337 1276 1427 1312 mihi
1467 1275 1629 1324 videtur,
1658 1288 1726 1324 qua
1755 1281 1880 1322 poetas

246 1349 323 1373 non
354 1336 455 1374 facile
486 1336 688 1375 offenderet
723 1338 891 1389 vulgique
928 1339 1136 1389 opinionem
1173 1340 1273 1389 sequi
1305 1338 1511 1387 videre-tur⁷
1545 1347 1580 1374 et
1610 1337 1725 1374 nihilo
1758 1343 1880 1371 tamen

246 1400 362 1436 minus
388 1398 486 1450 apud
505 1412 567 1437 eos
583 1399 758 1437 lectorum
785 1412 956 1450 suorum,
984 1402 1045 1451 qui
1065 1414 1170 1438 sensu
1198 1410 1316 1438 essent
1340 1401 1508 1451 sagaciori
1530 1398 1577 1436 ad
1600 1395 1879 1447 concipiendam

246 1461 420 1511 ironiam,
443 1462 558 1513 poetis
576 1461 756 1499 honorem
780 1460 996 1500 detraheret.
1013 1463 1091 1499 Hoc
1108 1472 1227 1500 autem
1253 1461 1441 1521 qpomodo
1461 1462 1537 1499 fieri
1558 1460 1743 1512 potuerit⁷
1762 1468 1801 1495 ut
1818 1471 1880 1509 pa-

247 1533 342 1574 teat,
371 1538 427 1561 res
454 1524 574 1575 paullo
597 1524 697 1561 altius
723 1523 920 1575 repetenda
941 1524 1094 1563 videtur.

296 1586 384 1635 Quo
415 1587 529 1636 major
564 1595 616 1623 est
648 1587 687 1623 in
718 1586 869 1623 homine
902 1590 962 1624 vis
1000 1587 1140 1637 agendi
1169 1595 1373 1637 spontanea
1401 1588 1567 1632 (t'n'muae)
1595 1599 1639 1624 eo
1666 1587 1779 1637 major
1806 1587 1881 1623 ho-

249 1649 353 1686 minis
370 1647 520 1699 dignitas
539 1657 575 1686 et
593 1650 806 1699 praestantia.
824 1649 946 1688 Virtus
965 1650 1061 1700 ipsa,
1079 1650 1234 1686 absolute
1254 1659 1436 1700 spectata⁷
1458 1649 1543 1687 ideo
1568 1650 1734 1686 omnibus
1752 1652 1879 1688 ceteris

251 1710 357 1747 rebus
389 1711 618 1760 anteponitur
644 1720 679 1747 et
703 1723 773 1761 pro
802 1723 940 1747 summa
963 1711 1112 1748 habetur
1141 1711 1362 1761 perfectione
1387 1711 1566 1761 humana,
1591 1712 1673 1761 quia
1698 1725 1879 1749 summum

252 1770 402 1822 gradum
423 1775 615 1818 ἑατοπμγίκς
641 1772 793 1811 internae
817 1773 966 1823 requirit
990 1774 1058 1824 (3).
1082 1773 1203 1824 Atque
1230 1773 1277 1810 ita
1303 1787 1525 1825 unaquaeque
1551 1773 1710 1812 hominis
1737 1773 1882 1812 facultas

291 1899 337 1942 (ι)
358 1899 427 1930 vid.
442 1899 498 1929 loc.
514 1897 628 1929 Phaedr.
650 1896 710 1938 245
725 1898 760 1929 Α.
779 1897 866 1929 Conf.
890 1899 993 1930 Gmen
1008 1910 1071 1931 van
1086 1899 1261 1929 Pn'nsterer
1273 1910 1342 1941 pag.
1363 1900 1420 1931 155
1439 1898 1492 1930 ubi
1509 1900 1589 1930 inter
1603 1899 1662 1930 alia
1678 1911 1694 1929 «
1711 1899 1785 1930 Erat
1799 1901 1881 1931 enim

250 1967 265 1981 n
290 1955 315 1985 is
330 1953 480 1996 (Plato),
490 1953 545 1996 qui
560 1953 676 1995 optimo
690 1953 796 1994 quovis
811 1954 971 1995 poetarum
985 1954 1181 1985 delectaretur
1201 1954 1333 1984 maxime
1345 1967 1351 1984 :
1369 1954 1420 1985 sed
1436 1954 1565 1996 putabat
1581 1961 1718 1997 oportere
1734 1956 1767 1985 in
1780 1955 1881 1985 homi-

252 2074 267 2090 »
292 2063 422 2094 admitti.
442 2064 538 2095 Poetae
554 2074 594 2093 ne
615 2063 741 2093 nomine
756 2062 881 2104 quidem
897 2063 1027 2105 dignum
1041 2062 1205 2105 ⁴judicavit,
1224 2065 1277 2105 qui
1298 2075 1398 2095 versus
1419 2076 1551 2107 pangere
1567 2070 1726 2096 conaretur
1747 2065 1812 2096 sine
1830 2066 1883 2096 in-

252 2128 266 2144 »
292 2115 499 2148 flammatione
516 2118 611 2147 animi
627 2122 657 2147 et
672 2116 804 2158 quodam
821 2117 925 2147 afflatu
945 2118 1029 2160 quasi
1043 2117 1149 2147 furoris
1164 2117 1311 2148 divinitus
1327 2119 1460 2149 immissi.

293 2169 340 2212 (2)
359 2170 425 2200 Ion.
444 2170 495 2202 66.
516 2172 551 2202 Οἱ
574 2170 607 2202 δι’
628 2184 741 2206 ποιηταί
760 2169 834 2202 Mn
852 2173 922 2203 ἅλλ’
945 2187 959 2207 q
984 2174 1100 2214 ἐρμηνέἳς
1123 2173 1174 2202 εἰσ-ι
1195 2174 1244 2202 τοῦ
1266 2174 1336 2203 θεοῦ.

292 2224 338 2266 (3)
359 2224 516 2256 Subtiliter
536 2225 594 2255 hoc
609 2226 748 2256 enucleat
769 2228 897 2264 Tetens,
915 2227 962 2261 vir
977 2226 1172 2267 acutissimus,
1193 2225 1454 2270 (Philosophische
1466 2226 1616 2260 Versuche
1633 2226 1710 2260 iiber
1730 2227 1779 2260 die
1796 2240 1884 2262 men-

255 2278 387 2311 schliche
401 2279 504 2310 Natur.
511 2279 524 2321 )
540 2284 613 2309 tom.
630 2279 674 2319 H,
691 2290 720 2321 p.
731 2279 802 2312 653.

1679 2337 1712 2373 5.
