2078 2790
478 161 536 193 AD
568 159 734 202 QUAEs'r.
771 158 937 191 Primos.
970 157 1134 191 THEOR.
1171 157 1230 190 ΕΤ
1261 157 1402 190 erER.
1436 158 1606 191 HUMAN.
1808 148 1862 201 49

865 310 1199 349 COMPARATIO.

278 472 365 511 Haec
397 482 480 511 sunt
506 472 687 524 praecipua
716 472 892 511 Platonis
920 482 957 511 et
984 472 1198 511 Aristotelis·
1237 471 1393 523 placita:
1429 472 1659 522 pervenimus
1681 471 1784 520 igitur
1813 468 1859 506 ad

229 547 355 573 eorum
372 535 689 586 comparationem.
708 535 850 572 Hancce
868 535 1173 586 comparationem
1188 532 1453 571 difficultatibus
1466 547 1545 571 non
1559 546 1694 582 carere7
1712 533 1860 583 quisque

229 596 330 634 facile
352 595 512 647 videbit,
539 597 600 648 qui
622 597 805 648 utriusque
830 597 1130 648 philosophorum
1154 597 1347 634 sententias
1374 597 1495 633 animo
1522 595 1687 633 volverit.
1701 595 1861 644 Uterque

231 657 378 708 quidem
390 659 528 707 statuit,
541 659 716 696 rationem
729 671 878 709 poeseos
900 659 1090 696 consistere
1105 659 1144 695 in
1159 658 1402 695 enthusiasmo
1422 670 1571 708 eamque
1593 657 1771 694 contineri
1784 655 1863 692 imi-

230 720 378 771 tatione,
388 720 452 759 sed
465 719 580 759 modo
592 722 748 758 maximo
759 719 1045 759 diversozPlato
1060 722 1156 758 enim
1166 720 1273 758 fusius
1287 719 1333 758 de
1349 720 1471 758 furore
1481 720 1627 771 poetico
1644 719 1784 756 locutus
1795 727 1860 766 est,

232 783 454 820 Aristoteles
465 793 588 819 contra
601 783 702 833 plura
716 782 763 820 de
772 783 968 820 imitatione
980 784 1129 820 monuit.
1144 783 1312 820 Caussam
1322 810 1333 833 7
1344 796 1452 833 quare
1464 792 1537 819 tam
1555 782 1667 818 multa
1682 778 1728 816 de
1741 779 1863 815 furore

239 843 382 894 poetico
401 843 529 882 dixerit
537 844 654 882 Plato
666 858 792 896 ,supra
804 844 876 895 jam
889 845 1116 896 exposuimus
1130 873 1140 895 7
1152 843 1252 896 quod
1268 858 1401 895 nempe
1418 843 1578 882 divinam
1595 842 1865 894 inspirationem

232 907 349 956 poetis
366 906 570 944 concedens
586 935 596 957 ,
620 907 797 958 populum
817 908 861 944 ab
881 907 1025 944 illorum
1048 906 1258 944 eruditionis
1277 907 1370 943 fama
1387 916 1423 943 et
1436 906 1668 943 veneratione
1689 913 1866 942 avocaret.

232 968 337 1005 Ratio
350 981 462 1019 vero,
479 982 588 1018 quare
606 978 677 1005 tam
695 981 808 1019 pauca
824 968 973 1019 legimus
989 967 1086 1019 apud
1102 969 1342 1006 Aristotelem
1353 996 1364 1018 ‚
1377 968 1415 1005 in
1427 966 1574 1005 adversa
1596 967 1740 1004 fortuna
1758 967 1866 1003 latere

233 1028 399 1080 videtur,
427 1044 534 1081 quam
561 1032 654 1081 passi
678 1040 761 1068 sunt
785 1031 1000 1069 Aristotelis
1028 1031 1131 1068 libri:
1161 1033 1348 1081 scripserat
1373 1031 1468 1067 euim
1494 1028 1541 1066 de
1573 1032 1696 1066 furore
1723 1029 1866 1079 poetico

233 1101 303 1128 tres
339 1092 448 1129 libros
488 1092 569 1140 (Cf.
594 1106 669 1142 cap.
689 1094 746 1142 Ι.)
777 1093 835 1129 Ex
861 1092 901 1128 iis
933 1102 1076 1141 tamen5
1112 1105 1191 1142 quae
1213 1103 1423 1142 supersunt,
1456 1093 1535 1128 satis
1574 1104 1762 1141 possumus
1803 1091 1866 1127 ef—

233 1153 364 1204 ficere⁷
399 1167 481 1191 eum
514 1153 673 1191 furorem
703 1155 884 1204 poeticum
913 1154 987 1192 sive
1015 1155 1285 1205 inspirationem
1312 1152 1472 1192 divinam
1503 1154 1712 1205 agnovisse,
1749 1155 1797 1191 ita
1828 1163 1867 1189 ut

234 1215 303 1251 hac
331 1216 369 1251 in
399 1228 439 1252 re
470 1216 584 1251 amice
613 1216 721 1252 ambo
748 1216 988 1265 conveniant,
1021 1217 1181 1265 quamvis
1215 1216 1361 1252 forsitan
1390 1216 1572 1252 sublimius
1607 1216 1711 1252 fuerit
1749 1215 1796 1252 de
1825 1228 1866 1250 ea

236 1276 412 1314 Platonis
435 1277 661 1328 propositum
680 1305 691 1328 7
712 1291 820 1329 quam
848 1278 1074 1317 Aristotelis.

288 1338 481 1377 Videamus
504 1342 623 1390 paucis
639 1355 650 1391 3
664 1350 837 1391 quatenus
863 1350 960 1378 recte
985 1340 1233 1390 judicaverint.
1257 1341 1395 1378 Omnes
1417 1351 1534 1392 poetae
1554 1355 1753 1391 omnesque
1777 1341 1872 1391 fere⁷

239 1401 298 1450 qui
325 1399 372 1438 de
397 1403 498 1452 poesi
523 1403 742 1452 scripserunt
764 1403 831 1440 viri
847 1401 970 1452 docti,
994 1403 1032 1439 in
1055 1401 1142 1438 illud
1163 1404 1414 1453 consentiunt⁷
1434 1405 1547 1453 poetis
1573 1402 1698 1440 adesse
1728 1403 1871 1440 huncce

238 1470 445 1507 ‘'neonem-paor,
474 1464 569 1512 sive'‚
590 1461 788 1501 secundum
805 1473 965 1513 veteres⁷
991 1464 1150 1501 divinam
1176 1467 1467 1513 inspirationem.
1493 1465 1641 1516 Optime
1668 1465 1736 1501 hac
1759 1463 1806 1502 de
1833 1479 1872 1501 re

239 1526 338 1576 loqui
363 1525 452 1562 mihi
479 1524 621 1562 videtur
649 1524 817 1563 Sulzerus
844 1526 912 1575 (1).

294 1601 314 1621 e
326 1588 408 1624 Alle
421 1587 591 1624 Kiinstler
606 1600 680 1624 von
690 1588 842 1638 einigem
855 1588 973 1625 Genie
989 1588 1195 1625 versichern
1207 1616 1217 1638 7
1230 1587 1307 1625 dass
1322 1590 1370 1625 sie
1389 1588 1578 1627 bisweilen
1600 1590 1679 1626 eine
1696 1602 1874 1626 ausseror-

241 1667 259 1687 s
291 1648 473 1688 deutliche
498 1648 753 1687 Wirksamkeit
779 1648 845 1687 der
872 1649 973 1687 Seele
993 1649 1138 1698 sumen,
1164 1650 1236 1699 bey
1256 1650 1418 1688 welcher
1444 1651 1503 1688 die
1529 1651 1655 1687 Arbeit
1677 1653 1871 1701 ungemein

241 1728 260 1748 v
291 1713 401 1749 leicht
419 1712 536 1762 vvird⁷
562 1711 607 1748 da
635 1711 694 1748 die
721 1711 1001 1762 Vorsteliungen
1023 1711 1096 1748 sich
1118 1711 1215 1748 ohne
1244 1725 1365 1763 grosse
1388 1714 1607 1763 Bestrebung
1632 1713 1874 1764 entwikkeln⁷

247 1791 265 1811 s
297 1774 375 1811 und
402 1774 461 1813 die
486 1775 610 1812 besten
637 1772 840 1811 Gedanken
859 1775 923 1811 mit
940 1774 1094 1813 solchem
1118 1774 1323 1811 Ueberfluss
1341 1776 1568 1813 zustrohmen
1583 1804 1594 1826 ,
1615 1776 1663 1812 als
1690 1791 1803 1815 wenn
1828 1779 1877 1814 sie

241 1854 261 1873 s
291 1850 366 1874 von
395 1838 492 1874 einer
516 1836 660 1874 hohern
684 1836 800 1873 Krafft
828 1837 1046 1887 eingegeben
1071 1835 1238 1875 worden.
1262 1838 1387 1876 Dieses
1420 1839 1462 1874 ist
1486 1837 1584 1875 ohne
1610 1838 1761 1876 Zweifel
1791 1837 1877 1889 das,

245 1917 264 1938 w
295 1913 367 1937 was
378 1912 461 1936 man
478 1898 537 1935 die
552 1899 803 1949 Begeisterung
814 1909 941 1936 nennt.
951 1897 1110 1937 Befindet
1122 1898 1199 1934 sich
1212 1898 1277 1935 der
1290 1900 1459 1938 Kiinstler
1471 1901 1510 1938 in
1525 1899 1661 1938 diesem
1677 1900 1875 1951 Zustande,

243 1978 261 1999 s
291 1975 330 1999 so
351 1962 551 1999 erscheinet
564 1962 638 1998 ihm
653 1961 728 1998 sein
739 1960 973 2012 Gegenstand
986 1963 1022 1999 in
1034 1962 1149 1998 einem
1163 1961 1495 2011 ungewohnlichen
1505 1963 1634 2000 Lichte
1645 1978 1656 2014 τ,
1667 1964 1742 2001 sein
1758 1963 1877 2001 Genie

243 2041 261 2060 ›>
292 2026 362 2062 wie
395 2038 468 2061 von
498 2025 596 2061 einer
623 2023 818 2073 gottlichen
842 2024 960 2062 Kraffi
983 2024 1122 2075 geleitet
1138 2051 1149 2072 ,
1176 2022 1330 2063 erfmdet,
1357 2024 1455 2063 ohne
1487 2025 1598 2063 Miihe
1631 2025 1706 2062 und
1737 2026 1880 2077 gelangt

244 2102 263 2122 »
294 2086 391 2124 ohne
410 2086 546 2124 Arbeid
565 2100 643 2123 zum
665 2086 788 2124 besten
812 2086 1004 2124 Ausdruck
1016 2084 1141 2124 dessen
1153 2114 1163 2135 ‚
1177 2099 1250 2124 was
1264 2100 1303 2124 er
1319 2086 1498 2126 erfunden
1510 2117 1520 2137 ‚
1534 2086 1619 2125 dem
1639 2089 1879 2138 Begeisterten

289 2211 334 2254 (ι)
360 2214 481 2244 Theoi-ie
504 2216 557 2246 der
579 2216 711 2248 sehbnen
736 2214 851 2247 Kitnste
861 2239 872 2253 ,
898 2217 961 2246 Art.
982 2215 1208 2256 Begeisterung.
