2078 2774
471 217 529 247 AD
559 213 726 254 QUAEs'r.
757 211 925 245 1³111Los.
957 211 1121 244 THEon.
1152 208 1210 244 ΕΤ
1240 212 1381 244 Lmzn.
1414 212 1585 244 HUMAN.
1794 200 1841 241 51

211 285 370 322 Primum
401 285 506 335 igitur
537 282 793 335 inquirendum
824 293 901 333 est,
932 282 1030 320 unde
1062 284 1141 319 haec
1173 282 1252 319 idea
1289 282 1421 320 divinae
1455 283 1694 333 inspirationis
1725 292 1848 319 ortum

209 361 311 385 suum
329 347 485 383 traxerit.
513 345 635 383 Omne
655 344 756 396 quod
777 347 946 383 eximium
968 355 1042 396 est,
1070 344 1344 383 admirationem
1362 346 1515 395 excitat,
1549 343 1735 382 admiratio
1758 357 1847 382 vero

196 406 464 446 *verecundiam
498 417 534 445 et
576 409 857 446 venerationem.
897 407 991 444 Illud
1027 407 1127 459 quod
1160 407 1319 458 quotidie
1350 408 1427 444 fieri
1459 406 1622 444 videmus
1641 435 1652 456 ,
1684 417 1845 443 nostram

207 470 294 520 fugit
320 469 632 520 observationem,
666 468 766 520 quod
789 480 907 508 autem
932 483 1014 507 raro
1036 471 1101 521 fit,
1129 470 1277 507 minime
1302 482 1370 507 nos
1393 469 1491 519 fugit.
1522 470 1715 519 Nunquam
1741 470 1844 519 igitur

207 529 343 568 dictum
358 531 478 569 fuisset
496 541 619 582 poetas
634 532 921 569 extraordinariis
941 531 1092 570 donatos
1109 546 1183 569 esse
1197 532 1418 568 facultatibus
1435 559 1446 581 ,
1473 532 1501 568 si
1520 530 1667 581 quidem
1681 531 1739 568 ille
1753 558 1764 579 ,
1784 532 1845 580 qui

205 604 282 629 non
296 605 339 630 ex
356 593 478 630 infima
491 606 596 644 grege
609 593 798 630 hominum
813 592 1024 645 prodiisset,
1043 593 1140 631 idem
1154 594 1270 630 facere
1289 594 1481 644 potuisset,
1497 592 1598 643 quod
1610 592 1660 628 illi
1674 592 1843 629 fecerant.

204 654 257 691 At
274 655 422 705 quisque
442 667 542 691 suam
560 655 836 693 imbecillitatem
857 665 893 694 et
918 657 1166 706 impotentiam
1191 656 1391 705 sentiebat,
1409 664 1596 705 poetarum
1619 668 1731 705 opera
1756 654 1844 703 pla—-

205 715 361 766 cebant,
386 725 423 753 et
449 715 589 767 cupidis
616 717 758 754 auribus
782 717 1051 768 excipiebantur
1071 727 1107 756 et
1133 726 1326 768 propterea
1342 717 1486 754 illorum
1507 717 1688 753 facultates
1710 714 1843 752 divinae

205 777 452 816 tribuebantur
477 780 713 831 inspirationi.
735 780 832 817 Nihil
854 780 962 831 magis
983 780 1111 832 probat
1132 780 1318 817 veritatem
1333 807 1345 829 ,
1370 780 1534 816 innatum
1569 777 1660 829 quid
1685 779 1723 814 in
1744 778 1845 828 poesi

205 853 280 878 esse
298 868 309 890 ,
333 855 439 891 quam
476 843 551 893 ipsa
574 843 654 880 haec
682 842 729 880 de
759 842 881 881 divina
910 844 1139 893 inspiratione
1165 844 1351 880 sententia.

253 902 375 939 Homo
407 904 545 954 vulgari
576 904 780 955 cognitione
805 905 998 941 instructus
1024 914 1059 942 et
1084 906 1228 955 ingenio
1256 905 1421 954 (genie)
1451 903 1637 940 destitutus
1661 914 1739 939 non
1767 913 1842 952 po—

204 972 271 1001 test
300 965 497 1015 intelligere
513 994 524 1016 ,
550 965 735 1015 quomodo
768 967 953 1016 ingenium
983 968 1057 1004 vim
1087 980 1187 1003 suam
1216 976 1377 1003 exserat:
1407 979 1478 1003 nec
1504 966 1612 1015 magis
1644 964 1841 1013 intelligere

205 1035 345 1076 potest,
371 1026 469 1064 unde
499 1037 607 1077 poeta
644 1028 724 1064 talia
750 1028 860 1077 possit
891 1027 1011 1066 dicere
1038 1038 1074 1065 et
1106 1028 1188 1078 tali,
1219 1028 1315 1078 quali
1352 1026 1447 1064 dicat
1481 1026 1606 1063 modo.
1636 1027 1720 1063 Non
1755 1038 1841 1063 vero

202 1087 296 1123 solus
317 1088 399 1137 ille,
424 1086 489 1124 sed
513 1097 644 1137 praeter
666 1088 765 1123 illum
787 1115 798 1136 ,
820 1090 980 1124 sexcenti
1003 1090 1061 1124 alii
1079 1089 1167 1125 illud
1191 1102 1319 1139 capere
1341 1099 1546 1140 nequeunt⁷
1568 1089 1717 1138 quisque
1740 1100 1840 1124 suam

201 1149 308 1185 sentit
324 1149 616 1195 imbecillitatem,
626 1147 743 1198 adque
756 1147 914 1187 divinam
925 1150 1195 1199 inspirationem
1206 1150 1371 1199 refertur,
1381 1152 1624 1199 superstitioso
1639 1159 1674 1185 et
1688 1149 1838 1186 indocto

142 1236 144 1238 >
202 1210 345 1258 seculo,
362 1210 525 1246 innatum
547 1222 636 1247 vero
659 1209 748 1246 illud
778 1220 953 1260 vocatur,
979 1224 1089 1260 quum
1112 1211 1286 1260 majorem
1313 1210 1435 1261 adepti
1458 1225 1577 1247 sumus
1598 1211 1838 1261 cognitionem

202 1280 338 1308 naturae
363 1280 400 1308 et
421 1270 628 1309 facultatum
650 1272 779 1309 mentis
798 1271 965 1309 humanae
988 1271 1187 1309 secundum
1218 1273 1391 1323 principia
1418 1273 1676 1323 philosophica.

254 1333 326 1371 Sed
337 1333 423 1383 quid
435 1335 584 1383 proprie
597 1332 686 1370 illud
696 1343 748 1371 est
760 1361 771 1383 ,
787 1333 888 1384 quod
901 1335 1014 1384 poetis
1030 1333 1158 1371 dicitur
1169 1336 1366 1371 innatum?
1377 1335 1458 1371 Mea
1474 1336 1648 1371 sententia
1662 1333 1753 1371 illud
1767 1344 1838 1383 est,

203 1393 304 1445 quod
314 1393 514 1444 sedulitate,
526 1393 705 1445 diligentia
715 1404 775 1432 aut
785 1396 1038 1433 exercitatione
1050 1396 1185 1445 acquiri
1198 1408 1274 1433 non
1283 1404 1401 1446 potest
1412 1397 1481 1445 (1).
1491 1395 1584 1433 Illud
1596 1404 1662 1446 est,
1673 1407 1746 1446 quo
1759 1395 1839 1433 Ho-

203 1469 322 1495 merus
329 1466 364 1494 et
370 1457 588 1494 Aristoteles
597 1470 616 1492 a
626 1470 663 1493 se
676 1458 830 1493 invicem
843 1457 1157 1507 distinguerentur,
1169 1460 1330 1507 quamvis
1340 1459 1502 1495 viverent
1514 1458 1646 1495 eodem
1656 1468 1821 1507 tempore
1830 1488 1840 1506 ⁷

203 1519 363 1569 quamvis
389 1519 426 1556 in
439 1516 566 1556 eadem
587 1516 701 1555 domo
725 1517 964 1556 educarentur
981 1546 992 1569 ,
1012 1517 1138 1557 iisdem
1156 1528 1340 1556 uterentur
1362 1519 1644 1571 praeceptoribus
1655 1547 1665 1569 ,
1689 1518 1836 1556 eosdem

205 1581 365 1631 legerent
380 1581 489 1618 libros
501 1609 512 1631 ,
523 1580 721 1631 eademque
733 1582 909 1619 haberent
925 1582 1006 1618 fata.
1018 1580 1113 1618 Illud
1128 1591 1178 1618 est
1191 1609 1202 1630 7
1213 1580 1259 1618 ad
1272 1580 1372 1632 quod
1385 1583 1584 1620 naturalem
1596 1610 1607 1631 ,
1620 1591 1658 1618 ut
1671 1581 1814 1619 videtur
1827 1610 1836 1630 7

242 1727 287 1769 (1)
303 1728 405 1759 Cicero
415 1727 450 1757 in
460 1732 534 1756 orat.
542 1738 597 1768 pm
608 1727 733 1756 Archia
743 1733 825 1766 poet.
841 1728 962 1768 «Atque
972 1727 1012 1756 sic
1028 1737 1044 1754 a
1055 1726 1178 1756 summis
1188 1726 1366 1758 hominibus
1380 1727 1562 1768 eruditisque
1574 1727 1743 1768 accepimus
1755 1733 1831 1757 cete-

202 1795 217 1810 »
243 1792 452 1819 rarumrerum
459 1780 558 1811 studia
567 1785 598 1811 et
607 1779 748 1810 doctrina
758 1785 789 1810 et
799 1781 956 1822 praeceptis
966 1786 996 1810 et
1007 1785 1068 1810 arte
1078 1785 1215 1811 constare
1224 1805 1232 1819 ,
1243 1787 1365 1823 poetam
1377 1787 1484 1811 natura
1492 1781 1555 1822 ipsa
1565 1781 1665 1811 valere
1673 1805 1681 1820 ‚
1689 1787 1719 1812 et
1727 1783 1837 1812 mentis

202 1848 217 1863 n
241 1835 355 1867 viribus
373 1835 518 1873 excitari,
539 1839 570 1865 et
589 1834 675 1875 quasi
701 1834 807 1864 divino
829 1834 963 1876 quodam
984 1834 1091 1875 spiritu
1114 1835 1223 1873 afflari,
1244 1847 1340 1877 quare
1355 1847 1407 1867 suo
1417 1836 1487 1877 jure
1509 1840 1613 1865 noster
1634 1835 1687 1865 ille
1709 1836 1836 1865 Ennius

202 1902 216 1918 n
242 1894 360 1922 sanctos
379 1889 513 1931 appellat
528 1893 646 1930 poetas,
664 1887 748 1930 quod
768 1889 854 1930 quasi
876 1889 1001 1920 deorum
1017 1887 1120 1930 aliquo
1141 1888 1224 1919 dono
1247 1895 1338 1932 atque
1360 1900 1486 1919 munere
1514 1888 1723 1919 commendati
1745 1888 1834 1919 nobis

202 1957 216 1971 υ
242 1944 301 1975 esse
311 1944 463 1974 videntur.
475 1943 519 1974 Sit
531 1943 624 1983 igitur
636 1942 753 1984 judices
765 1948 907 1973 sanctum
919 1942 997 1985 apud
1007 1953 1075 1980 vos,
1087 1941 1320 1974 humanissimos
1340 1943 1480 1974 homines
1492 1943 1567 1981 ,hoc
1590 1949 1686 1985 poetae
1699 1954 1814 1974 nomen
1826 1968 1834 1981 ,

201 2010 215 2025 n
241 1998 325 2040 quod
344 1998 432 2029 nulla
448 2008 586 2040 unquam
601 1996 741 2027 barbaria
761 1997 908 2038 violavit3
928 2008 997 2028 saxa
1017 2002 1047 2027 et
1072 1996 1291 2028 sollicitudines
1313 1998 1379 2027 voci
1402 1998 1608 2040 respondent,
1634 1998 1734 2028 bestiae
1759 2008 1835 2039 saepe

201 2065 216 2081 1»
242 2054 389 2085 immanes
410 2058 504 2084 cantu
525 2051 691 2083 flectuntur
713 2057 804 2094 atque
826 2054 1002 2084 consistunt.
1026 2064 1041 2080 n
1055 2052 1157 2083 -Et
1179 2052 1259 2084 Clar.
1281 2053 1435 2083 Kink-erus
1464 2059 1537 2083 tom.
1564 2064 1575 2084 1
1591 2077 1598 2091 ‚
1622 2052 1702 2094 praes.
1725 2063 1754 2094 p.
1782 2064 1828 2083 10.

203 2119 217 2134 »
243 2108 328 2138 leder
345 2109 408 2138 kan
423 2108 489 2138 zich
503 2132 512 2147 ‚
531 2108 605 2137 door
627 2108 750 2145 moeite,
770 2113 833 2137 met
848 2108 902 2138 het
920 2119 974 2137 een
995 2106 1030 2136 of
1054 2107 1146 2136 audet
1171 2107 1324 2148 wijsgerig
1345 2108 1443 2138 stelsel
1472 2117 1679 2148 gemeenzaam
1702 2108 1833 2137 maken:

200 2173 215 2189 »
240 2160 278 2191 de
305 2161 497 2205 dichterlijke
518 2162 579 2192 taal
599 2173 638 2192 en
658 2161 711 2192 het
739 2162 994 2204 werktuigeelijke
1015 2160 1068 2190 der
1087 2160 1264 2192 versificatie
1283 2163 1345 2191 kan
1368 2162 1486 2203 geleerd
1509 2160 1651 2199 worden,
1675 2172 1761 2191 maar
1791 2162 1829 2191 dc

202 2227 216 2241 n
242 2216 553 2258 oorspronkelijkheid
574 2217 609 2246 in
628 2215 731 2255 beide‚
752 2217 855 2246 wordt
877 2217 949 2246 door
970 2226 1061 2256 geene
1081 2215 1224 2256 oefening
1245 2217 1419 2256 verkregen.
1441 2215 1531 2245 Beide
1559 2227 1677 2246 zwevee
1701 2216 1832 2246 tuschen

201 2283 215 2298 υ
240 2275 319 2302 twce
340 2271 442 2313 rijken
463 2282 553 2302 onzer
582 2272 691 2302 kennis
707 2273 760 2311 in,
787 2283 828 2303 en
850 2277 968 2303 streven
987 2281 1060 2300 naar
1078 2270 1130 2301 het
1151 2271 1291 2302 uiterstee
1310 2270 1474 2312 grensoord
1500 2270 1554 2302 der
1580 2271 1787 2313 wetenschap.
1812 2284 1828 2299 »

1593 2341 1625 2361 Η.
