2078 2790
471 130 529 159 AD
559 127 726 167 QnAEs‘r.
758 128 925 173 munos.
958 127 1122 157 THEOR.
1154 127 1212 157 ET
1242 127 1386 156 L1TER.
1420 127 1591 157 HUMAN.
1800 113 1852 153 33

217 213 236 233 :v
267 197 350 236 vine
380 197 405 236 il
433 212 604 237 renverse
634 207 713 236 tout
740 211 780 236 ce
809 200 869 249 qui
900 199 1063 249 s'oppose
1094 199 1114 235 ὲ
1147 210 1213 235 son
1240 211 1392 248 passage.
1426 199 1477 235 La
1509 199 1624 247 rime,
1654 198 1687 234 la
1714 208 1854 233 mesure

217 273 236 293 »
265 272 313 296 ne
338 259 389 296 lui
407 260 616 310 presentent
641 272 712 310 que
736 258 783 296 de
805 260 903 297 vains
923 260 1105 297 obstacles.
1134 260 1172 295 Si
1192 258 1280 296 dans
1307 258 1353 297 de
1379 260 1552 311 premiers
1578 260 1698 296 efforts
1722 268 1758 295 et
1778 257 1854 293 lors

214 336 234 358 v
267 320 352 372 qu'il
384 330 438 359 est
462 334 595 360 encore
618 322 639 359 ὲ
664 317 782 373 froid,
818 322 843 360 il
877 322 928 361 les
954 332 1080 360 trouve
1112 320 1285 360 indociles
1310 332 1345 361 et
1368 321 1542 371 rebelles,
1572 322 1591 358 ἐι
1621 322 1725 372 peine
1758 319 1854 358 est-il

218 399 238 420 ιν
269 382 430 420 eehauffe
459 383 506 421 de
526 397 568 421 ce
593 385 685 421 beau
707 384 788 434 feu,
810 385 896 435 qu'il
921 385 971 421 les
1001 385 1169 435 assujettit
1200 394 1235 421 et
1260 385 1309 421 les
1343 385 1496 421 maitrise
1523 395 1557 422 et
1582 384 1674 420 alors
1705 383 1787 419 elles
1815 395 1853 418 se

218 461 237 482 ιο
267 455 420 497 tangent
454 451 596 486 comme
624 445 744 485 d'enes
767 447 902 496 memes
927 460 1008 485 sous
1034 447 1065 485 le
1089 448 1177 498 joug
1208 446 1255 485 de
1289 447 1321 484 la
1345 448 1486 497 raison,
1509 456 1545 485 et
1574 461 1618 483 au
1648 446 1719 483 lieu
1746 444 1791 482 de
1820 445 1855 482 la

218 523 238 543 >
267 508 378 557 gener
412 518 449 546 et
477 508 524 546 de
548 509 741 560 l'affaiblir,
768 509 852 547 elles
883 508 1030 550 l’aident
1061 520 1096 547 et
1122 510 1155 545 la
1188 510 1368 546 fortifient.
1403 510 1450 546 Et
1475 509 1570 546 voila
1597 509 1789 559 peut-&tre
1814 520 1855 543 ce

217 585 237 606 ν
267 582 339 621 que
363 570 397 608 la
423 570 545 622 poesie
577 585 595 608 a
624 569 671 609 de
696 571 777 623 plus
801 570 1008 609 admirable.
1037 572 1131 610 C'est
1156 572 1372 623 qu'encore,
1407 572 1535 622 qu'elle
1565 572 1634 608 soit
1660 570 1811 607 asservie
1838 570 1857 604 a

217 647 237 667 ³>
266 630 330 669 des
355 632 420 669 lois
440 632 665 683 tres-dures,
690 646 769 671 non
791 634 989 672 seulement
1016 634 1080 671 elle
1108 634 1208 685 parle
1234 647 1314 671 sans
1339 634 1565 684 contrainte,
1600 645 1743 670 comme
1765 629 1856 667 dans

217 709 236 731 a
265 693 299 730 la
325 707 456 745 prose,
476 695 523 733 de
548 705 627 733 tout
655 709 696 733 ce
717 698 779 746 qui
799 706 885 747 peut
916 706 1036 733 entrer
1063 696 1151 733 dans
1171 697 1222 734 les
1252 695 1435 746 discours,
1471 697 1558 733 mais
1585 695 1652 732 elle
1680 708 1728 731 en
1757 691 1858 742 parle

217 770 237 792 2
266 769 354 794 avec
375 770 446 794 une
471 757 649 796 elevation
671 769 708 797 et
730 772 803 796 une
826 759 924 796 force
943 785 956 808 ,
987 758 1035 795 01¹1
1050 759 1083 795 la
1101 772 1207 810 prose
1229 772 1278 796 ne
1300 769 1388 810 peut
1417 758 1605 796 atteindre.
1630 773 1651 793 ν)

265 817 341 855 Nec
373 831 461 857 vero
484 820 742 858 enthusiasmus
773 821 867 858 solus
894 820 1033 858 honum
1068 822 1175 859 efficit
1202 830 1367 872 poetam,
1392 820 1457 859 sed
1486 820 1633 858 scientia
1668 828 1703 856 et
1727 815 1857 854 erudi-

217 880 316 917 tione
347 880 398 918 illi
430 894 538 932 quam
563 883 718 920 maxime
752 895 844 934 opus
874 891 937 919 est.
966 883 1044 920 Hoc
1069 896 1175 934 supra
1205 883 1278 933 jam
1307 883 1438 934 partim
1477 881 1691 932 explicatum
1733 889 1785 917 est
1823 887 1860 915 et

217 941 381 979 facillime
403 944 508 981 etiam
530 954 650 994 potest
673 945 829 995 probari.

271 1004 410 1043 Omnes
447 1007 568 1057 enim,
602 1008 664 1057 qui
700 1007 914 1058 eloquentiae
947 1006 1213 1056 descripserunt
1243 1007 1381 1057 regulas
1397 1034 1408 1056 ,
1438 1006 1646 1056 postulant,
1679 1012 1856 1040 oratorem

220 1067 431 1103 instructum
463 1081 539 1104 esse
562 1068 856 1117 jurisprudentia
869 1095 881 1117 ,
914 1067 1172 1117 philosophia,
1210 1067 1368 1105 historia
1381 1096 1393 1117 ,
1418 1067 1666 1116 chronologia
1698 1075 1735 1103 et
1757 1077 1857 1115 geo-

216 1120 402 1178 graphia,
418 1128 493 1166 im‘o
518 1129 781 1179 Quintiliamus
798 1128 898 1166 addit
909 1132 1153 1180 geometriam
1166 1139 1201 1167 et
1221 1133 1408 1168 musicam.
1427 1131 1513 1166 Haec
1528 1130 1649 1179 igitur,
1668 1128 1697 1164 si
1714 1129 1860 1164 oratori

218 1189 469 1240 cognoscenda
491 1200 596 1240 sunt,
630 1201 765 1241 quanto
795 1192 903 1241 magis
930 1193 1079 1240 poetae!
1118 1194 1163 1228 In
1192 1192 1450 1243 disceptatione
1491 1192 1624 1228 sorensi
1653 1192 1770 1237 enim,
1799 1196 1860 1222 aut

218 1252 258 1289 in
279 1252 464 1302 oratione,
489 1252 601 1290 rarius
624 1253 665 1290 iis
680 1251 819 1304 indiget
842 1262 986 1302 orator,
1012 1253 1050 1291 in
1067 1263 1234 1304 poemate
1259 1268 1349 1293 vero
1370 1253 1515 1304 alicujus
1536 1253 1710 1291 momenti
1732 1262 1859 1287 omnes

220 1314 295 1352 fere
316 1313 558 1364 requiruntur.

267 1377 370 1413 Patet
404 1377 509 1413 etiam
540 1390 585 1413 ex
620 1378 757 1427 scriptis
795 1378 1035 1414 maximorum
1072 1388 1260 1427 poetarum
1279 1406 1290 1427 ,
1322 1391 1383 1415 eos
1410 1378 1514 1415 fuisse
1549 1388 1859 1428 quarumcumque

221 1437 487 1489 disciplinarum
508 1438 653 1475 scientia
673 1439 874 1475 instructos.
899 1439 1019 1489 Quam
1041 1439 1151 1475 multa
1177 1439 1236 1476 ille
1261 1439 1387 1477 habuit
1413 1441 1577 1490 cognita,
1604 1439 1666 1488 qui
1682 1451 1728 1474 ex
1746 1449 1856 1474 com—

218 1500 320 1536 muni
339 1501 502 1537 omnium
521 1499 724 1537 seculorum
752 1512 929 1539 consensu
952 1501 1087 1551 primus
1107 1500 1249 1538 habitus
1275 1501 1340 1538 fuit
1361 1511 1467 1552 poeta
1489 1511 1525 1539 et
1547 1500 1694 1538 fortasse
1715 1512 1857 1550 semper

213 1561 410 1604 habebitur
441 1563 579 1599 ratione
610 1563 779 1613 temporis
801 1572 838 1600 et
856 1563 1003 1600 meriti?
1027 1564 1173 1600 Penitus
1202 1562 1351 1601 edoctus
1382 1565 1527 1613 omnia,
1555 1576 1634 1613 quae
1657 1563 1857 1599 humanum

188 1649 190 1652 -
219 1632 385 1674 spectant
415 1624 574 1661 animum
597 1633 633 1661 et
656 1636 806 1675 corpus,
831 1636 985 1675 quaeque
1009 1622 1055 1660 ad
1084 1624 1303 1662 characteres
1327 1634 1364 1663 et
1392 1638 1511 1662 mores
1534 1625 1776 1676 populorum,
1808 1621 1856 1659 ad

221 1679 385 1723 locorum
408 1686 667 1736 regionumque
691 1687 796 1723 situm
812 1714 824 1736 ,
849 1685 897 1723 ad
919 1686 1072 1724 diversas
1094 1686 1328 1723 animantium
1353 1688 1581 1735 affectiones,
1608 1685 1655 1723 ad
1681 1687 1798 1723 fluxus
1820 1695 1855 1722 et

222 1746 378 1783 refluxus
400 1747 531 1796 maris,
562 1745 609 1782 ad
635 1747 751 1783 fontes
782 1749 818 1783 et
841 1760 904 1784 ora
929 1748 1145 1797 fluviorum,
1175 1747 1221 1783 ad
1246 1758 1411 1785 naturam
1438 1759 1472 1786 et
1501 1761 1643 1785 cursum
1673 1747 1855 1798 siderum,

223 1806 270 1845 ad
292 1805 420 1846 artium
441 1808 638 1845 liberalium
659 1819 696 1846 et
721 1809 1012 1846 mechanicarum
1031 1822 1157 1845 arcana
1178 1812 1381 1861 pertinent,
1405 1812 1455 1848 nil
1474 1811 1690 1861 ignoravisse
1712 1809 1855 1847 videtur

224 1872 386 1907 omnium
404 1897 416 1920 ,
442 1883 522 1920 quae
543 1870 699 1906 hominis
722 1872 955 1922 intelligentia
973 1884 1097 1922 capere
1119 1881 1250 1921 potest.
1276 1874 1443 1922 Virgilius
1478 1874 1606 1923 etiam,
1631 1886 1740 1923 quam
1766 1886 1855 1923 per-

224 1932 354 1971 fectam
377 1932 534 1971 habebat
555 1932 774 1984 agriculturae
794 1934 971 1985 notitiam,
994 1933 1089 1983 cujus
1109 1942 1181 1970 tam
1201 1933 1369 1985 pulchras
1390 1934 1496 1972 nobis
1516 1936 1672 1986 picturas
1690 1935 1853 1985 reliquit,

223 1996 454 2046 antiquorum
479 1995 589 2033 Italiae
617 2008 759 2032 morum
775 2023 788 2046 ,
810 2007 899 2046 quos
926 2006 998 2034 tam
1021 2005 1142 2035 exacte
1170 1995 1380 2047 descripsit,
1412 1999 1697 2035 ceremoniarum
1717 2006 1856 2046 myste-

221 2057 430 2108 riorumque
459 2071 606 2108 paganae
633 2058 810 2108 religionis
828 2086 840 2108 ,
876 2058 976 2109 cujus
1008 2057 1260 2108 preciosissima
1285 2059 1391 2096 nobis
1422 2058 1568 2096 tradidit
1590 2070 1825 2096 monumenta
1845 2089 1855 2109 ,

221 2117 394 2157 Romanae
421 2119 600 2171 historiae,
627 2133 734 2176 quam
752 2128 850 2158 tanta
878 2130 953 2161 arte
978 2121 1016 2158 in
1042 2120 1199 2158 carmine
1228 2117 1434 2172 contexuit,
1461 2132 1639 2171 quamque
1670 2130 1744 2158 tam
1774 2136 1857 2160 ma-

224 2180 434 2230 gnificenter
457 2192 493 2219 et
509 2183 689 2232 eleganter
701 2182 809 2220 literis
826 2182 1030 2223 mandatam
1050 2183 1199 2232 posteris
1209 2183 1374 2233 reliquit,
1394 2197 1499 2233 quam
1517 2184 1688 2233 praeclare
1711 2186 1859 2223 tenebat

378 2242 424 2282 V.
1636 2246 1658 2283 5
