2078 2790
186 289 239 330 70
684 286 711 315 1.
745 282 881 314 BUSCH
912 282 1066 315 KEISER
1099 283 1335 315 RESPONSIO

235 354 324 391 CAr.
353 354 455 394 XIV.
482 355 540 392 Ex
568 354 694 393 fabulis
711 353 963 405 pulcherrimae
981 364 1089 405 sunt,
1106 366 1186 406 quae
1212 354 1551 407 infiliciterflexeunt.
1575 355 1817 396 Misericordia

184 425 219 452 et
264 416 402 452 Terror
441 429 485 452 ex
520 417 596 467 ipsa
631 415 758 453 fabulae
796 415 1083 465 constitutione,
1121 417 1198 453 sine
1229 428 1301 467 ope
1337 419 1658 467 repraesentationis
1678 446 1689 467 7
1733 420 1816 455 oriri

185 477 333 516 debent.

233 538 320 577 XV.
344 539 405 577 De
430 540 604 577 moribus.

234 600 339 640 XVI.
364 602 425 639 De
443 602 546 638 variis
564 601 755 652 agnitionis
777 601 974 652 speciebus.

237 663 356 702 XVII.
382 663 443 700 De
466 662 593 700 fabulis
615 661 879 714 componendis
906 663 1041 700 monita
1065 663 1250 713 generalia.

236 723 375 763 XVIII.
400 722 604 774 Tragoediae
623 733 743 777 partes
763 723 844 761 duae
860 736 975 762 nexus
996 732 1033 761 et
1053 724 1193 761 solutio.

236 786 342 823 XIX.
367 785 570 836 Tragoediae
581 786 718 837 species
731 795 897 836 quatuor.
915 785 1115 836 Implicita,
1128 785 1330 838 pathetica,
1348 785 1653 836 ethica,simplex.
1673 785 1817 823 Fabulae

188 848 301 899 epicae
334 845 544 897 magnitudo
573 845 758 898 tragoediae
793 858 871 884 non
896 846 1077 884 convenit.
1101 868 1147 875 —
1167 845 1311 883 Chorus
1340 848 1468 885 actoris·
1496 856 1613 898 partes
1647 845 1820 884 sustinere

188 907 311 949 debet.
339 909 405 946 De
432 908 619 945 sententia.

238 968 325 1006 XX.
351 967 413 1008 De
429 967 600 1007 dictione.
616 967 797 1007 Dictionis
808 977 937 1019 partes.
949 967 1082 1019 Lirem,
1098 967 1643 1020 syllaba,conjunctio3nomen‚
1659 967 1824 1017 verbum,

191 1030 380 1080 articulus,
405 1043 530 1079 casus,
557 1029 684 1067 oratio.

240 1091 343 1128 XXI
370 1089 646 1129 Vocabulorum
673 1091 811 1141 species
841 1089 945 1138 duae,
976 1091 1129 1140 simplex
1153 1099 1193 1128 et
1217 1091 1468 1141 compositum.
1487 1112 1534 1122 -
1553 1090 1701 1141 Species
1721 1089 1796 1128 aliae
1809 1119 1820 1139 .,

190 1153 401 1204 proprium,
425 1150 600 1202 glossema
614 1178 626 1202 ⁷
654 1148 889 1203 metaphora,
919 1158 1089 1200 ornatus,
1119 1157 1331 1201 extensum,
1356 1149 1610 1202 imminutum,
1638 1146 1823 1188 mutatum.

240 1213 361 1253 XXII.
385 1213 583 1252 Nominum
609 1226 751 1264 genera.
767 1211 1030 1263 masculinum,
1051 1211 1278 1264 foemininum,
1302 1222 1483 1252 nentrum.
1505 1211 1688 1252 metionis
1712 1206 1822 1252 virtus

193 1278 287 1325 Quae
312 1274 574 1313 vocabulorum
595 1273 729 1325 species
754 1273 883 1325 quibus
908 1273 1133 1325 poematibus
1149 1276 1294 1324 optime
1316 1276 1543 1312 conveniant.

242 1332 381 1375 XXIII.
409 1337 468 1374 De
490 1337 740 1387 epopoeia.1n
753 1335 1007 1374 constitutione
1022 1334 1151 1373 fabulae
1165 1334 1291 1374 iisdem
1314 1333 1450 1387 legibus
1462 1365 1474 1387 ‚
1489 1335 1620 1387 quihus
1631 1334 1802 1385 tragoedia
1814 1364 1826 1386 ‚

194 1399 379 1449 subjicitur
398 1410 530 1448 poema
553 1398 708 1449 epicum.

245 1460 384 1499 XXIV.
409 1458 567 1497 Easdem
589 1459 697 1497 etiam
716 1459 852 1511 species
877 1457 1013 1496 habere
1033 1458 1165 1508 debet,
1189 1469 1225 1497 et
1247 1469 1363 1509 partes
1383 1460 1582 1498 secundum
1604 1461 1829 1510 qualitatem,

194 1530 326 1572 praeter
346 1519 539 1558 melodiam
561 1530 598 1557 et
625 1521 994 1571 repraesentationem

245 1583 369 1623 XXV.
394 1584 429 1619 A
457 1582 631 1634 tragoedia
669 1581 788 1619 differt
826 1583 1001 1633 epopoeia
1040 1583 1135 1620 mole
1166 1583 1306 1633 operis,
1345 1592 1380 1620 et
1429 1593 1568 1621 metro·
1559 1611 1570 1633 ‚
1605 1582 1704 1634 quod
1749 1594 1825 1620 non

197 1643 293 1681 aliud
318 1657 427 1694 quam
455 1643 644 1681 heroicum
677 1642 787 1680 debet
816 1656 901 1680 esse.
925 1644 969 1680 In
1000 1644 1176 1695 epopoeia
1216 1651 1358 1694 poetam
1391 1645 1507 1694 ipsum
1536 1654 1644 1695 quam
1677 1645 1824 1681 minime

197 1706 297 1757 loqui
330 1713 487 1757 oportet.
513 1705 556 1741 In
589 1704 658 1742 hac
691 1704 865 1741 mirabilia
903 1703 1036 1741 facilius
1070 1717 1177 1755 quam
1210 1704 1248 1740 i'n
1277 1704 1449 1755 tragoedia
1480 1700 1706 1742 exffientur.
1744 1702 1830 1753 Quo

197 1766 470 1804 mendaciorum
486 1780 620 1816 genere
636 1765 812 1804 utendum
831 1767 876 1802 sit
898 1767 936 1802 in
958 1766 1146 1815 epopoeia.
1167 1766 1401 1815 Impossibilia
1418 1776 1454 1803 et
1470 1763 1718 1816 improbabilia
1736 1779 1826 1817 quo-

198 1826 312 1865 modo
333 1827 372 1865 in
397 1826 613 1879 epopoeiam
634 1825 772 1865 admitti
792 1826 940 1878 possint.
965 1827 1009 1863 In
1030 1825 1156 1876 quibus
1181 1826 1269 1863 locis
1301 1824 1412 1864 dictio
1439 1825 1657 1864 elaboranda
1679 1828 1733 1864 sit.
1767 1828 1827 1866 De

200 1889 531 1939 criminationibus,
561 1902 643 1940 quae
672 1889 786 1939 poetis
814 1889 922 1938 obiici
948 1887 1085 1937 solent,
1108 1897 1142 1925 et
1177 1887 1305 1938 quibus
1327 1887 1443 1926 modis
1468 1888 1593 1939 repelli
1617 1887 1782 1927 debeant.

248 1950 388 1992 XXVI.
414 1949 615 2003 Epopoeiae
655 1949 797 1988 collatio
828 1961 909 1987 cum
940 1947 1123 2001 tragoedia.

978 2053 1067 2104 33.

667 2146 820 2183 Placica
848 2145 1063 2184 Aristotelt‘s
1085 2145 1131 2182 de
1152 2149 1367 2184 imitatione.
1403 2160 1414 2169 ·

254 2250 310 2287 Ex
331 2249 371 2286 iis
396 2248 570 2300 capitibus
583 2276 595 2300 ‚
620 2261 701 2300 quae
727 2247 840 2287 modo
864 2249 1186 2301 numerabamus,
1212 2251 1332 2303 primo
1361 2249 1399 2288 in
1422 2260 1569 2288 censum
1599 2252 1749 2290 veniunt
1767 2253 1834 2290 tria

206 2311 337 2362 priora.
361 2312 420 2349 Sic
443 2320 562 2350 autem
592 2311 751 2362 loquitur
775 2312 894 2350 imitio
912 2325 991 2363 cap.
1016 2313 1060 2350 Π.
