2078 2790
255 282 311 325 68
747 295 777 325 1.
808 293 944 326 ausen
972 291 1130 324 Kmsm
1159 291 1395 325 RESPonslo

254 344 446 414 conjuncta
471 365 562 414 sint,
588 375 672 401 cum
700 363 839 414 reliquo
864 362 1068 401 Phoedonis
1095 368 1305 413 argumento
1331 363 1428 401 nulla
1457 362 1617 414 indigere
1646 363 1881 428 explicatione

252 425 342 462 mihi
365 424 547 464 videntur.

302 488 387 524 Hoec
416 496 519 537 sunt,
550 485 632 538 quae
665 487 713 525 de
740 486 921 538 principiis
960 486 1101 523 monuit
1133 486 1277 535 Plato‚·
1308 499 1385 524 non
1414 487 1510 524 nulla
1542 485 1689 537 quidem
1725 486 1784 523 hic
1809 485 1881 522 illic

252 548 298 587 de
332 549 447 600 poetis
486 549 699 600 generaliter
728 547 822 586 dicta
856 548 1089 587 inveniuntur
1104 575 1116 598 ‚
1152 561 1231 598 quae
1259 557 1380 586 tamen
1414 548 1548 586 nullam
1580 549 1654 586 vim
1684 548 1722 585 in
1734 548 1873 616 caeteris

250 623 417 647 exercere
443 619 613 660 possunt,
639 622 719 659 quae
743 609 888 646 illorum
915 609 1209 646 commemoratio
1236 608 1361 645 nihilo
1378 609 1575 647 inserviret
1880 622 1883 626 ’

298 670 361 709 Ad
383 671 484 709 alia
470 684 542 721 Jam
557 682 714 721 pergam.

925 967 1103 1005 SECTIO
1120 989 1123 996 ·
1140 968 1184 1004 11.

448 1107 615 1141 PLAcrrA
642 1106 913 1156 Amsrorssms7
940 1117 1040 1150 'QUOD
1069 1119 1116 1143 An
1146 1118 1329 1143 ancn’u
1359 1119 1462 1142 urus
1490 1119 1660 1152 Pogrlca.

1424 1162 1460 1190 *L*

997 1354 1086 1410 32.

905 1492 1194 1528 Proemonenda.

280 1635 459 1688 Expositis
477 1636 518 1673 iis
544 1648 622 1687 quae
646 1636 765 1675 Plato
783 1635 829 1674 de
855 1636 1038 1687 principiis
1065 1637 1147 1675 artis
1171 1637 1321 1688 poeticae
1342 1637 1472 1688 scripta
1496 1637 1664 1687 reliquit,
1686 1636 1759 1687 jam
1776 1649 1864 1687 per-

230 1699 397 1733 venimus
424 1696 470 1733 ad
496 1697 644 1733 alteram
657 1698 761 1746 hujus
791 1698 914 1746 capitis
936 1706 1074 1744 partem
1088 1723 1103 1745 ⁷
1125 1710 1205 1746 quae
1234 1697 1484 1746 complectitur
1508 1697 1721 1733 Aristotelis
1749 1709 1790 1734 ea
1813 1695 1860 1731 de

230 1773 269 1798 re
303 1768 495 1811 praecepta.
515 1781 561 1789 —
584 1758 801 1811 Neutiquam
828 1772 917 1799 vero
950 1757 1097 1797 diffitior
1111 1787 1123 1810 ,
1144 1772 1202 1798 me
1230 1758 1291 1797 hic
1313 1757 1463 1798 dubium
1498 1758 1661 1810 haesisse,
1693 1771 1859 1810 quaenam

228 1822 356 1859 melior
386 1822 479 1858 foret
513 1835 554 1858 ea
586 1821 789 1858 trane-tandi
821 1822 923 1858 ratio.
954 1821 1093 1858 Omnes
1122 1822 1218 1857 enim
1236 1847 1247 1869 7
1282 1821 1343 1870 qui
1373 1821 1477 1857 nobis
1512 1829 1671 1871 superest
1701 1820 1747 1857 de
1781 1828 1858 1856 arte

228 1882 371 1933 poetica
395 1882 510 1933 liber,
527 1882 618 1920 nihil
637 1883 711 1921 fere
730 1892 860 1934 praeter
890 1892 1068 1933 praecepta
1092 1882 1232 1933 poetica
1248 1882 1432 1932 continet,
1458 1882 1506 1919 ita
1528 1891 1568 1919 ut
1589 1882 1855 1918 omniavnostro

225 1946 436 1994 argumento
453 1945 625 1982 inservire
642 1946 790 1995 possint.
801 1946 886 1981 Haec
899 1954 1015 1982 autem
1034 1944 1155 1981 omnia
1170 1944 1445 1982 tractare-vetuit
1472 1943 1696 1980 Clas-&sinuo
1708 1942 1853 1979 Facul-

228 2006 478 2058 tatisquaestio
496 2007 630 2059 quippe
652 2019 731 2058 quae
748 2007 1052 2059 comparationem
1073 2007 1167 2045 inter
1192 2016 1370 2059 praecepta
1387 2005 1565 2043 Platonis
1589 2014 1625 2042 et
1640 2003 1853 2044 Aristotelis

226 2069 375 2118 rogavit.
402 2068 441 2105 Si
458 2069 564 2118 igitur
587 2070 819 2118 quaestionem
849 2069 965 2118 probe
991 2071 1091 2119 cepi,
1115 2081 1192 2105 non
1223 2070 1290 2105 nisi
1311 2067 1525 2105 Aristotelis
1553 2077 1732 2116 praecepta
1753 2076 1851 2102 trac-

226 2127 336 2166 tanda
358 2129 448 2166 mihi
471 2127 641 2168 videntur
669 2143 747 2182 quae
770 2130 1074 2183 comparationem
1099 2128 1250 2169 suadent
1267 2143 1350 2168 cum
1371 2127 1491 2182 paucis
1515 2127 1606 2179 illis,
1628 2139 1707 2179 quae
1728 2127 1849 2164 effatus

227 2203 280 2230 est
301 2192 431 2231 Plato.
455 2193 546 2242 Quo
555 2206 643 2232 vero
666 2195 790 2232 melius
816 2195 922 2232 totius
941 2195 1022 2232 libri
1048 2195 1275 2244 complexum
1301 2193 1560 2242 intelligamus,
1587 2205 1650 2240 age
1673 2205 1848 2228 summam

223 2253 328 2289 unius
348 2252 520 2305 cujusque
541 2254 687 2307 capitis,
705 2265 750 2293 eo
769 2266 921 2294 numero
947 2263 982 2293 et
1008 2253 1135 2295 ordine
1149 2266 1223 2307 quo
1247 2253 1416 2308 disposita
1438 2259 1521 2290 sunt
1544 2251 1583 2289 in
1604 2248 1701 2289 Edit.
1724 2249 1850 2290 Aldin.

222 2316 378 2354 breviter
402 2315 649 2355 indicabimus.
