2078 2790
220 323 269 362 16
698 331 726 359 1.
762 330 897 361 ssnscn
930 329 1086 361 narsi-:R
1119 329 1355 363 REsPousm

216 402 341 440 dixisse
360 409 507 451 ,quam
535 400 572 438 in
600 409 722 438 nostra
751 401 891 452 poetica
924 402 1165 440 inveniuntur.
1195 401 1342 440 Clarum
1367 402 1443 454 ejus
1468 403 1685 454 objectivum
1711 406 1843 455 princi-

214 462 387 513 pium'de
412 463 611 499 imitatione
634 472 771 499 naturae
796 464 834 499 in
863 464 961 500 omni
991 472 1093 512 arte,
1125 475 1203 513 quae
1236 465 1329 501 circa
1359 465 1551 515 pulchrum
1585 475 1766 515 versatur,
1794 467 1842 502 ita

213 526 326 563 breve
356 533 522 567 notatum
558 533 632 574 est,
656 532 696 560 ut
720 523 891 562 oesthetici
924 524 1139 563 recentiores
1169 524 1247 575 jure
1271 524 1554 577 disputaverint,
1587 525 1675 577 quid
1696 528 1841 579 proprie

215 600 260 624 eo
291 587 469 636 voluerit,
496 599 615 636 neque
640 586 713 623 hoc
738 596 899 623 accurate
928 595 1046 637 potest
1075 586 1239 637 definiri,
1266 589 1334 625 nisi
1363 588 1441 638 quis
1471 601 1532 624 sua
1556 589 1763 658 auctoritate
1782 590 1843 626 ali-

217 647 307 698 quid
336 649 493 685 inserere
516 648 600 684 velit
615 674 626 696 ,
652 646 785 697 quod
776 661 814 684 ln
842 648 919 698 ipso
945 647 1037 684 libro
1058 661 1137 685 non
1164 649 1289 686 inerat.
1330 682 1333 685 .

266 709 340 746 Sed
369 709 459 745 mihi
483 707 644 757 videtur,
675 710 712 744 in
740 709 917 745 infinitum
942 710 1014 746 fere
1040 708 1087 746 de
1117 710 1185 746 hac
1210 711 1356 747 materia
1383 723 1487 761 posse
1514 710 1707 761 disputari,
1733 725 1842 761 quare

217 784 259 808 ex
291 783 396 820 supra
421 768 523 806 dictis
548 783 665 807 meam
690 771 903 807 sententiam
927 770 1098 821 colligam.
1124 771 1226 808 Patet
1249 772 1376 822 igitur,
1405 785 1481 809 non
1512 773 1579 809 nisi
1604 772 1842 823 fragmentum

213 834 319 870 unius
342 832 447 881 libri,
471 830 518 868 ad
551 845 630 868 non
653 833 886 883 pervenisse,
915 846 990 870 non
1017 834 1122 884 primi
1149 832 1321 884 quidem,
1348 834 1579 883 verosimilius
1613 833 1787 883 secundi,
1813 834 1842 870 si

216 905 288 932 tres
310 894 413 931 fuisse
430 893 539 930 libros
557 894 764 930 assumimus
776 908 788 944 3
801 895 960 938 'maxime
980 905 1097 933 autem
1116 896 1364 946 imperfectum
1386 894 1475 932 illud
1494 909 1568 933 esse
1588 895 1839 946 stagmentum,

216 958 263 993 ita
289 965 330 992 ut
358 956 494 993 critices
519 955 651 992 auxilio
674 969 816 1006 semper
837 955 996 1007 indigere
1021 956 1206 1007 videatur,
1230 970 1308 995 non
1338 957 1559 995 obstantibus
1590 957 1708 995 multis
1736 970 1842 994 com-

218 1017 420 1066 mentariis,
442 1017 514 1065 jam
541 1015 655 1052 editis.

990 1110 1076 1159 36.

467 1210 527 1245 De
555 1207 853 1245 accusationibus
870 1209 1070 1255 praecipuis
1088 1209 1127 1241 in
1146 1208 1384 1243 Aristotelem
1404 1211 1587 1256 conjectis.

262 1312 325 1349 Uti
352 1311 531 1360 Platoni,
558 1312 607 1347 sic
630 1323 709 1347 non
734 1308 881 1347 defuere
910 1309 1107 1346 Aristoteli
1138 1309 1408 1345 calumniatores
1423 1335 1434 1357 ,
1460 1310 1521 1357 qui
1547 1310 1622 1358 ejus
1650 1309 1751 1346 famae
1780 1309 1843 1347 de-

216 1374 355 1412 trahere
381 1374 503 1411 conati
527 1382 620 1410 sunt.
647 1372 706 1408 Sic
739 1371 906 1409 nonnulli
925 1369 1072 1407 tradunt
1086 1397 1097 1419 ,
1125 1369 1383 1419 Aristotelem,
1402 1370 1487 1407 vivo
1513 1370 1697 1420 Platone,
1726 1371 1772 1408 ab
1799 1384 1842 1408 eo

218 1435 388 1473 defecisse
403 1445 439 1473 et
464 1435 598 1472 scholae
619 1434 694 1483 ejus
720 1433 936 1470 contrariam
955 1433 993 1469 in
1011 1433 1133 1484 Lyceo
1158 1430 1359 1468 doctrinam
1378 1430 1573 1469 tradidisse.
1589 1432 1738 1483 ,Optime
1754 1434 1845 1470 Am—

218 1499 363 1535 monius
385 1508 464 1532 eum
486 1494 650 1533 defendit
671 1503 797 1532 contra
832 1494 1021 1530 AElianum
1042 1502 1078 1529 et
1103 1493 1217 1541 Diog.
1237 1494 1363 1529 Lae'rt.
1388 1492 1462 1541 Qui
1491 1494 1698 1537 enimfieri
1727 1495 1844 1544 potuit

220 1558 411 1608 (inquit),
435 1568 515 1592 cum
532 1554 680 1606 quidem
706 1567 751 1592 eo
770 1564 933 1604 tempore
954 1554 1063 1603 gratia
1086 1562 1123 1590 et
1144 1554 1350 1590 auctoritate
1382 1553 1577 1603 plurimum
1606 1554 1845 1604 apud-Athe-

216 1621 357 1657 nienses
386 1617 547 1654 valerent
586 1617 767 1654 Chabrias
803 1625 838 1653 et
873 1614 1130 1664 Thimotlzeus,
1168 1615 1229 1664 qui
1259 1627 1279 1651 e
1316 1614 1465 1652 ducibus
1499 1615 1776 1653 Atheniensium
1809 1627 1844 1653 et

215 1681 394 1719 Platonis
424 1677 580 1726 cognatis
615 1678 766 1714 fuerunt.
791 1677 874 1713 Non
902 1675 1031 1712 desunt
1055 1685 1199 1721 tamen,
1225 1676 1287 1726 qui
1311 1675 1350 1711 id
1375 1677 1575 1725 affirment,
1610 1691 1655 1714 eo
1680 1667 1844 1727 impulsi,

215 1741 316 1794 quod
350 1740 388 1777 in
419 1740 537 1776 multis
576 1738 732 1774 Platoni
760 1736 972 1775 contradicit
1004 1737 1223 1772 Aristoteles
1235 1751 1250 1784 ,-
1285 1737 1413 1786 quibus
1437 1736 1733 1787 respondendum
1767 1749 1819 1776 est
1834 1766 1845 1788 ,

216 1802 454 1842 Aristotelem
482 1812 559 1836 non
584 1800 629 1837 ab
658 1800 765 1848 ipsius
785 1799 929 1848 proprie
964 1797 1139 1833 Platonis
1181 1797 1351 1846 opinione
1391 1796 1559 1846 differre,
1599 1798 1665 1836 sed
1699 1812 1843 1849 eorum,
1878 1830 1882 1834 ,

217 1866 279 1916 qui
306 1863 400 1900 dicta
423 1863 498 1912 ejus
534 1862 653 1898 minus
685 1870 779 1898 recte
799 1858 1143 1909 suntrinterpretati.
1172 1857 1285 1908 Quod
1307 1860 1335 1895 si
1364 1868 1399 1896 et
1421 1873 1441 1895 a
1467 1860 1632 1899 Platone
1669 1861 1747 1912 ipso
1777 1862 1844 1900 ali-

216 1925 363 1978 quando
374 1924 567 1973 dissentiat,
577 1922 666 1974 quid
676 1924 805 1960 mirum
815 1922 832 1958 Ρ
842 1922 933 1958 Nam
943 1921 1012 1958 hac
1022 1921 1058 1957 in
1070 1934 1109 1958 re
1123 1933 1266 1971 quoque
1276 1921 1473 1959 Platonem
1481 1923 1640 1973 sequitur
1650 1933 1843 1961 auctorem.

213 1989 327 2039 Ipsius
362 1987 458 2024 enim
492 1985 667 2023 sententia
692 1994 767 2033 est,
788 1984 970 2020 veritatem
998 1982 1106 2019 rebus
1133 1983 1297 2019 omnibus
1321 1996 1394 2020 esse
1419 1983 1733 2034 anteponendam,
1758 1986 1844 2034 quin

214 2048 376 2099 ejusdem
404 2048 514 2084 verba
538 2047 617 2083 haec
649 2056 753 2082 sunt:
780 2045 924 2082 Charus
954 2044 1101 2094 quidem
1125 2044 1297 2081 Socrates
1310 2073 1321 2093 ,
1344 2045 1411 2082 sed
1432 2049 1575 2083 veritas
1602 2046 1845 2092 charissima,-

214 2121 250 2148 et
271 2109 378 2147 alibi:
402 2109 576 2146 Socrates
596 2107 742 2158 quidem
763 2107 856 2158 quid
872 2106 974 2144 dicat
986 2135 997 2157 ‚
1018 2118 1154 2156 parum
1179 2105 1330 2144 solliciti
1347 2119 1423 2145 esse
1446 2105 1643 2155 debemus5
1682 2107 1728 2144 de
1749 2110 1846 2145 veri-

215 2181 292 2211 tate
326 2184 419 2209 vero
460 2170 612 2207 multum
648 2183 724 2208 esse
758 2168 937 2207 sollicitos
965 2175 1123 2219 oportet.
1155 2166 1254 2206 Idem
1283 2181 1368 2219 ergo
1402 2168 1448 2205 ab
1478 2168 1680 2206 Aristotele
1702 2181 1844 2219 quoque

215 2234 365 2271 factum:
387 2233 494 2270 etiam
514 2231 629 2269 sicubi
649 2232 876 2281 praeceptoris
904 2229 1046 2268 decreta
1070 2229 1315 2279 labefactavit,
1343 2239 1449 2280 atque
1479 2229 1669 2279 convellit,
1709 2231 1841 2281 quippe

214 2295 367 2330 veritatis
392 2302 508 2344 partes
523 2290 758 2329 defendendo
771 2292 819 2327 illi
837 2291 1101 2342 obtemperans.
1119 2290 1440 2340 Amoremquidem
1456 2303 1558 2326 suum
1586 2291 1623 2326 in
1647 2291 1844 2328 Platonem

213 2353 358 2398 abunde
371 2365 512 2393 testatus
526 2364 577 2393 est
586 2354 818 2403 Aristoteles,
826 2351 972 2404 quando
985 2353 1090 2392 etiam
1104 2364 1198 2389 aram
1212 2353 1244 2390 ei
1255 2350 1447 2401 dedicavit,
1473 2351 1528 2389 his
1540 2352 1655 2391 verbis
1667 2353 1844 2402 inscripta:
