2078 2790
220 255 277 307 64
714 268 742 298 1.
773 266 910 299 nosen
940 266 1097 299 xmsna
1128 266 1364 302 nnsronsm

221 346 302 372 sunt
318 347 492 374 'remotae.
519 339 616 388 Ergo
644 352 714 376 nec
733 337 846 375 solida
870 338 1035 375 doctrina
1054 353 1073 376 e
1093 343 1192 389 poesi
1217 345 1368 390 μιμηταί
1388 343 1462 392 peti
1488 352 1615 393 potest.
1646 344 1748 380 Hanc
1772 358 1859 383 con-

221 398 418 436 clusionem
434 427 446 450 ,
477 399 636 438 breviter
666 413 686 436 a
724 400 827 437 nobis
858 400 1106 451 propositam,
1135 402 1183 440 ita
1215 402 1290 441 fere
1322 412 1447 441 auctor
1481 404 1636 455 probare
1656 404 1857 443 'lectoribus

219 459 357 498 suadet.

271 521 357 558 Tria
385 532 468 560 sunt
487 536 606 561 rerum
628 537 777 574 genera:
798 523 918 574 aliud,
936 537 1010 575 quo
1032 524 1147 576 ideae,
1164 540 1227 564 seu
1240 536 1373 566 aeterna
1395 540 1515 565 rerum
1534 529 1749 579 exemplaria
1771 542 1857 567 con-

218 584 402 635 tinentur,
419 585 537 636 aliud,
560 585 660 637 quod
678 599 735 624 res
753 587 1006 639 complectitur
1029 587 1229 626 secundum
1254 589 1469 641 exemplaria
1486 588 1544 626 illa
1566 589 1697 640 factas,
1713 593 1856 629 tertium

214 644 400 698 denique,
425 662 497 699 quo
521 649 709 686 simulacra
740 663 861 687 rerum
884 649 1034 688 secundi
1057 651 1194 702 generis
1222 650 1601 703 comprehenduntur,
1625 662 1667 691 ut
1684 654 1853 705 imagines

216 720 335 744 rerum
350 709 454 758 pictae
467 719 528 746 aut
544 710 609 746 alia
623 711 747 761 quavis
770 721 845 750 arte
863 725 1048 762 expressae.
1069 715 1113 750 In
1133 714 1265 750 horum
1286 726 1419 763 genere
1429 714 1549 764 primo
1558 728 1616 752 res
1635 725 1718 752 sunt
1738 729 1833 753 verae
1845 744 1856 766 ‚

215 769 254 806 in
270 768 383 807 altero
398 772 516 809 minus
530 785 626 811 verae
636 800 647 822 ,
658 774 697 810 in
713 773 820 811 tertio
833 801 845 824 ,
859 786 939 825 quae
953 774 1057 812 tertio
1074 775 1156 812 loco
1171 788 1190 811 a
1201 787 1291 813 vero
1303 774 1446 813 distant·
1458 776 1569 813 Primi
1587 784 1705 814 autem
1716 779 1854 828 generis

217 841 343 879 auctor
354 833 468 881 Deus,
482 847 591 883 quem
610 837 765 879 φυτουργὲν
783 836 963 884 appellare
972 849 1180 886 possumus:
1197 836 1347 874 secundi
1361 837 1688 888 hue-upyoe‚opifex,
1700 848 1737 876 et
1748 839 1853 876 tertio

214 898 343 938 papantis
375 895 529 931 imitator
565 896 635 944 (1).
669 896 779 934 Velut
804 896 887 933 lecti
919 896 1074 945 (κλιιης)
1108 896 1252 947 ideam⁷
1283 909 1363 948 quae
1395 910 1467 934 una
1496 904 1575 949 est‚'
1607 898 1691 937 fecit
1720 899 1852 949 Deus,

213 957 329 996 lectos
357 957 515 1009 singulos
547 957 740 996 fabricator
762 958 950 997 lectuarius
971 959 1177 1009 (annanias)
1204 960 1360 997 imitatur
1385 959 1540 1010 singulos
1562 959 1674 1001 lectos
1687 971 1689 974 ·
1702 961 1820 1011 pictor
1833 988 1845 1010 ,

214 1032 324 1068 quare
344 1032 457 1070 quum
478 1019 593 1055 tribus
613 1018 779 1069 gradibus
797 1034 818 1056 a
833 1033 923 1058 vero
949 1021 1064 1071 quivis
1090 1022 1245 1057 imitator
1266 1021 1379 1069 absit,
1404 1022 1634 1070 perspicuum
1663 1032 1738 1071 est,
1766 1034 1854 1072 poe-

212 1090 286 1117 tam
309 1099 463 1129 namra-q
490 1079 537 1116 ad
565 1078 775 1118 docendum
800 1091 923 1133 aptum
949 1094 1027 1120 non
1058 1096 1144 1120 esse.

263 1142 308 1179 Id
332 1140 432 1193 quod
453 1141 527 1191 jam
554 1141 627 1178 aliis
648 1144 886 1192 argumentis,
910 1144 1028 1178 minus
1055 1143 1242 1179 subtilibus
1262 1145 1468 1180 confirmat:
1492 1154 1616 1194 poetas
1635 1163 1805 1188 pupamuvc
1824 1147 1853 1181 si

211 1206 343 1242 scirent
359 1232 372 1254 ,
402 1217 482 1254 quae
514 1204 721 1253 imitentur,
760 1203 927 1254 profecto
958 1203 1127 1254 operibus
1162 1204 1268 1255 ipsis,
1300 1217 1408 1255 quam
1438 1216 1566 1243 eorum
1596 1204 1851 1243 imitationibus

211 1267 446 1304 inclarescere
471 1265 607 1315 malle,
646 1266 782 1315 quippe
807 1278 885 1302 non
912 1278 978 1315 par
1000 1274 1052 1302 est
1080 1265 1202 1302 honor
1228 1275 1288 1301 aut
1313 1266 1442 1302 utilitas
1475 1267 1544 1315 (2).
1572 1266 1623 1302 At
1655 1277 1850 1316 quamnam

211 1329 391 1367 civitatem
413 1326 594 1365 ordinavit
616 1327 803 1364 Homerus
819 1328 842 1364 P
863 1326 1019 1365 Cuinam
1045 1326 1252 1377 reipublicae
1278 1328 1409 1364 exstitit
1423 1325 1634 1378 legislator?
1651 1326 1864 1376 Quodnam,

209 1390 345 1427 bellum
376 1402 422 1427 eo
450 1387 544 1426 duce
570 1397 709 1438 gestum
738 1397 806 1425 etc.
830 1388 900 1437 (3).
931 1388 1018 1437 Quo
1050 1397 1169 1425 autem
1199 1389 1308 1439 magis
1340 1388 1515 1426 elucescat
1530 1416 1543 1438 ,
1578 1401 1703 1439 quam·
1722 1402 1850 1439 parum

211 1451 297 1490 fidei
323 1461 530 1490 mereantur
561 1463 714 1502 operum
736 1463 781 1488 ex
802 1450 875 1487 aliis
908 1450 1041 1488 artibus
1069 1449 1326 1501 descriptiones
1341 1478 1353 1500 ‚
1379 1464 1466 1501 quas
1490 1460 1609 1502 poetae
1634 1450 1849 1489 carminibus

213 1514 283 1550 suis
305 1514 491 1564 intexunt,
510 1521 719 1564 reputemus
733 1538 745 1555 ,
766 1513 845 1548 istas
867 1510 1125 1562 descriptiones
1148 1512 1255 1548 factas
1274 1524 1349 1548 esse
1368 1524 1445 1549 non
1472 1511 1672 1563 secundum
1688 1521 1849 1549 exactam

210 1590 308 1625 usus,
318 1577 375 1612 cui
385 1588 495 1625 opera
507 1575 564 1612 illa
574 1573 747 1612 destinata
759 1575 828 1611 sint
838 1575 1098 1625 ‚cognitionem
1109 1603 1121 1625 ,
1132 1576 1266 1625 quippe
1279 1575 1372 1612 circa
1382 1588 1496 1612 unum
1509 1572 1682 1625 quodque
1695 1574 1777 1611 artis
1787 1588 1848 1612 cu-

209 1639 317 1688 jusvis
328 1638 628 1685 instrumentum3
651 1645 723 1673 tres
739 1644 821 1671 sunt
839 1645 930 1672 artes
943 1663 954 1685 7
972 1649 1052 1686 quae
1068 1649 1108 1673 re
1124 1637 1260 1685 utitur,
1276 1649 1356 1686 quae
1370 1649 1445 1672 rem
1465 1636 1547 1672 facit
1558 1662 1570 1685 ,
1581 1648 1660 1685 quae
1669 1648 1746 1673 rem
1757 1636 1847 1672 imi-

211 1711 305 1738 tatur
330 1701 529 1750 (quropu'vn,
554 1701 721 1742 rotie-ouen,
739 1699 967 1747 μιμηνομινη)ἶ
994 1699 1022 1734 is
1048 1708 1190 1748 autem,
1215 1712 1277 1748 qul
1304 1699 1414 1736 utitur
1440 1710 1501 1746 re,
1526 1697 1754 1747 peritissimus
1774 1706 1848 1747 est,

210 1773 248 1801 ut
301 1773 335 1800 te
361 1762 575 1813 praecipiens
600 1762 718 1811 opifici
736 1788 747 1809 ‚
782 1760 924 1811 qualem
948 1760 1065 1796 facere
1091 1769 1256 1809 oporteat
1279 1772 1366 1796 rem.
1391 1758 1545 1795 Tibicen
1562 1771 1598 1794 v.
1621 1771 1655 1808 g.
1683 1759 1848 1796 tibiarum

210 1775 376 1881 sagam,
400 1824 522 1874 quales
549 1836 624 1861 esse
645 1832 829 1874 oporteat,
853 1822 954 1860 tibias
978 1820 1099 1860 docet.
1122 1820 1225 1861 Circa
1246 1819 1342 1860 idem
1371 1821 1477 1871 igitur
1498 1821 1775 1859 instrumentum
1800 1820 1846 1859 de

209 1881 479 1937 ptffchritudine
503 1894 539 1922 et
569 1885 744 1935 pravitate
764 1884 864 1921 faber
889 1883 1037 1934 quidem
1060 1892 1194 1920 rectam
1214 1883 1324 1920 habet
1344 1881 1454 1921 fidem
1486 1883 1582 1931 (xlm
1596 1886 1631 1931 ).,
1655 1896 1737 1919 cum
1766 1884 1846 1920 artis

209 2002 284 2031 rosv-⁸
303 1998 358 2039 ἔμε
378 1997 437 2031 ἵςιιι
458 1996 505 2027 nai
526 1999 540 2027 ο“
562 1996 778 2038 τραγῳδοποιός·
801 1996 876 2037 i‘mtp
898 1994 1028 2036 μιμητής
1052 1997 1110 2033 ι’ςι,
1134 1995 1222 2036 τρίτος
1245 1995 1288 2028 τὶς
1304 1994 1360 2026 ἐπὶ
1383 1993 1521 2031 flac-ebuis
1545 1994 1586 2035 (i.
1605 2005 1630 2025 e.
1651 1992 1846 2036 philosophi)

209 2052 257 2084 zai
278 2056 330 2087 vi}
353 2050 483 2085 ἀληθείαις
506 2050 631 2088 τιφυκᾶς
644 2074 652 2088 ,
676 2049 724 2081 zai
746 2050 847 2082 πάντες
863 2052 887 2080 0¹1
908 2050 993 2081 ἄλλοι
1015 2048 1151 2088 μιμηταί.
1175 2050 1217 2080 Cf.
1241 2050 1303 2092 599
1323 2051 1357 2080 A.
1378 2048 1417 2080 πὶ
1437 2048 1508 2090 {pru
1529 2050 1616 2079 uiuri?
1630 2071 1722 2080 .....
1746 2047 1846 2088 τριτταὶ

208 2107 353 2146 οἰκ-ἔχοντα
377 2108 435 2137 rou*
454 2105 549 2143 ἵιτος,
574 2103 621 2136 u}
643 2104 726 2146 ῥᾴδιαι
751 2105 835 2135 ποιεῖν
862 2103 903 2143 μ’)
928 2103 1014 2135 &deire
1041 2103 1089 2138 viu
1117 2103 1241 2139 ἑλῆὒιηιι
1269 2101 1486 2145 (Qun-dquam
1510 2100 1583 2143 yn'p,
1610 2103 1678 2135 ἄλλ’
1703 2100 1750 2132 ἕνιι
1780 2101 1845 2136 ἕντι

208 2162 362 2202 mim-n.)
384 2160 455 2191 Vid.
476 2160 569 2191 etiam
588 2158 649 2188 602
671 2159 701 2189 C.

250 2217 296 2259 (1)
318 2215 405 2246 Conf.
428 2214 465 2245 de
481 2213 529 2244 his
551 2212 694 2244 omnihus
710 2212 770 2254 pol.
793 2212 842 2253 X,
864 2212 925 2255 596
947 2218 978 2245 et
1000 2212 1071 2254 597.

252 2270 297 2312 (α)
318 2270 452 2308 1›01.x‚
474 2268 546 2310 699.
569 2267 601 2297 B.

251 2325 301 2366 (3)
320 2324 380 2355 1²01.
401 2322 450 2362 x,
468 2322 621 2365 699-600.
644 2322 679 2351 D.
